4425 5750
485 241 580 340 Cap.
598 239 665 319 lv,
694 239 786 338 Qum
811 239 981 322 excusent
1006 266 1041 356 a¹
1056 240 1326 342 trairsgressione
1352 238 1547 344 incepit.
1574 247 1720 328 Dubl.
1863 257 1921 338 *81

272 369 428 430 admits.
470 365 509 426 D.
531 367 701 426 Ambrosius
733 367 784 428 lii.
799 389 825 428 i.
855 369 935 438 offic.
965 381 1028 444 cap.
1040 363 1114 446 302,
1139 372 1201 428 lum
1220 370 1300 444 quod
1320 371 1475 444 cognoscit
1493 371 1550 432 else
1569 375 1742 441 vitandam.
1760 381 1883 456 Optime
1898 387 1949 446 ad·

274 435 400 499 scribit:
438 439 562 512 ΛΜΗ
578 457 763 501 cantamen
782 441 904 516 imponit
922 445 999 516 operi
1019 458 1087 502 tao.
1137 443 1375 505 mentemst.
1398 448 1563 518 i.a.q.76.
1584 467 1649 509 aaz.
1670 455 1753 520 aisa.
1784 473 1850 516 tiort·
1871 461 1949 533 poss't

271 511 316 588 Jo.
327 509 526 584 chrysostom.
546 513 628 573 Hom.
640 533 687 586 ιφ.
707 513 740 570 in
752 527 795 587 ap.
807 515 924 588 imperf.
952 515 1086 574 similiter
1137 516 1291 574 bominem
1322 519 1450 590 propriis
1481 519 1591 580 adibus
1622 526 1753 596 gratiam
1772 533 1963 607 montore,

272 585 392 642 scribite
433 585 478 644 Ea
502 587 640 661 pripofito
667 589 734 644 ione
751 585 842 646 etiam
872 587 1086 660 quadridente
1136 587 1187 646 sed
1218 589 1321 664 utique
1348 593 1467 663 propria
1494 592 1654 679 diligentia
1670 615 1769 681 terum
1787 592 1951 667 sciendam

271 659 382 714 italam
400 659 500 718 ioanni
516 661 572 730 ess,
592 659 665 736 qaia
676 661 848 736 propofitiim
857 663 1085 734 sonameiicasar
1137 678 1311 747 comparare
1321 662 1417 736 poio.
1437 663 1524 723 Homo
1537 669 1626 740 petiis
1644 676 1779 754 aliquan
1791 679 1950 745 seientiam

276 733 387 790 malum
407 745 495 806 opus,
559 781 563 788 ,
933 755 934 758 “
1073 745 1077 754 “
1116 753 1284 808 acquirere
1299 750 1354 810 pir
1365 741 1436 806 suos
1452 739 1551 810 asini,
1603 759 1685 801 atras
1701 766 1770 806 vero
1786 754 1952 826 aoaacqiii'.

305 801 362 862 Sed
380 807 431 879 qul
451 817 555 866 contra
572 808 670 880 legem
681 819 838 880 operatur,
858 805 1084 882 iudiciumne,
1137 811 1214 868 ri'riir
1231 826 1268 878 eii
1287 809 1386 880 nostris
1401 810 1526 872 aclibus.
1558 760 1704 902 §igitur
1718 820 1764 879 ita
1782 823 1812 881 se
1828 841 1875 884 res
1886 828 1949 887 ·lia·.

268 875 383 950 semper
402 894 506 950 peccat
524 881 691 952 ignorantia
711 881 866 950 vincibili,
886 883 1033 957 quianon
1052 899 1084 938 o·
1136 883 1209 949 bet,
1228 896 1289 938 nori
1308 883 1395 942 debet
1415 885 1510 943 bomo
1530 887 1690 956 necessario
1709 894 1864 966 expedire
1883 915 1952 968 gra·

266 959 338 1017 rat,
368 965 437 1009 nam
458 953 478 1010 si
498 965 621 1024 oraret,
653 953 704 1011 fibi
725 969 782 1012 non
804 953 911 1014 deesset
931 957 1027 1027 gratia
1047 952 1085 1014 ad
1136 955 1232 1022 tiam,
1260 965 1292 1013 ut
1310 958 1489 1019 naturalium
1511 974 1721 1032 praceptorum
1748 968 1949 1040 ignorantiam
2036 959 2052 975 ‘

268 1023 501 1094 cognommdam
522 1027 639 1100 legem.
679 1025 731 1085 Ad
750 1027 829 1102 quod
849 1027 1081 1101 sicrespondeoi
1136 1030 1274 1100 superet,
1301 1032 1373 1104 quia
1391 1029 1537 1102 ejusmodi
1556 1033 1726 1107 ignorantia
1740 1035 1862 1116 ineptia
1881 1046 1952 1102 dili-

266 1091 349 1155 Deua
362 1098 485 1165 oranti,
506 1109 545 1156 ut·
557 1099 683 1158 formale
704 1114 858 1170 peccatam
880 1115 1005 1169 caveat,
1025 1117 1085 1168 non
1137 1102 1242 1172 gentis
1260 1103 1420 1173 superanda
1438 1101 1498 1174 είς
1516 1101 1544 1162 dc
1585 1110 1807 1190 uotiescumqua
1825 1119 1890 1176 liae
1906 1119 1952 1176 di·

268 1165 396 1243 denegat
417 1171 608 1230 scifficiciitem
630 1174 781 1246 gratiam,
810 1171 858 1230 sed
885 1188 942 1228 non
965 1174 1084 1247 semper
1135 1175 1266 1244 ligantia
1282 1177 1358 1233 tanti
1377 1193 1437 1235 non
1454 1177 1527 1238 edet
1544 1195 1578 1237 ro
1598 1183 1683 1251 oria,
1703 1197 1737 1246 ut
1755 1189 1955 1261 recognitio,-

268 1244 398 1316 gratiam
419 1244 575 1316 impertit,
604 1257 637 1302 ut
656 1245 811 1302 materiale
832 1257 986 1316 peccatum
1008 1249 1084 1306 vire·
1133 1247 1386 1330 nemperducerct
1400 1255 1951 1337 remotorum,obscuriorumquep,2.

268 1323 337 1375 tur.
356 1317 420 1378 Non
440 1315 631 1390 aeestgreti'a
649 1317 937 1396 (scribuPAEolet)
955 1334 1084 1394 prepet-
1135 1331 1309 1390 ceptorum,
1341 1325 1528 1383 invincibilis
1555 1340 1625 1388 'cum
1657 1330 1691 1390 sit
1708 1333 1907 1408 ignorantia,
1933 1355 1961 1413 a,

272 1403 369 1446 catam
385 1387 555 1458 formaliter
573 1389 687 1446 devitet
697 1426 706 1456 ‚
727 1393 861 1447 concedo:
879 1405 1083 1468 peccatamer·
1134 1389 1201 1448 Deo
1219 1409 1278 1450 non
1297 1395 1460 1466 imputatur
1480 1397 1518 1457 ad
1537 1401 1674 1473 cumani.
1939 1438 1944 1451 ·

269 1455 332 1514 iam
350 1460 563 1527 niaterialiter,
584 1479 671 1532 nego.
712 1459 798 1517 Porro
813 1477 990 1532 peccatum,
1008 1467 1083 1534 qaod
1155 1462 1268 1543 ¹Atqui
1290 1466 1467 1538 anonymus
1485 1471 1577 1528 aliam
1596 1474 1701 1533 insiiiit
1719 1478 1820 1549 viam,
1848 1484 1950 1556 culpa.

269 1545 305 1586 eii
337 1531 505 1603 i'gnorantia
531 1529 706 1588 invincibili
733 1531 942 1612 connutritor,
973 1554 1026 1592 non
1045 1535 1082 1603 eli
1133 1533 1234 1614 bilem,
1260 1545 1293 1592 ut
1319 1539 1424 1597 reddat
1453 1543 1652 1613 ignorantiam
1671 1549 1878 1611 invincibilem
1899 1574 1950 1614 cu-

262 1611 435 1674 peceatum,
465 1600 519 1673 ni'fi
536 1599 757 1670 materialiter,
783 1603 992 1676 estimpensa,
1012 1625 1080 1677 qao
1133 1605 1245 1676 Jusciun
1269 1623 1306 1664 ue
1326 1609 1370 1666 rei
1397 1610 1434 1667 ad
1455 1611 1501 1683 iiis
1520 1626 1630 1676 nature
1646 1617 1901 1694 spedantisefait
1921 1649 1951 1686 a.

262 1671 361 1730 minus
379 1691 483 1734 eterna
495 1676 583 1742 salus
602 1673 722 1732 obtineri
737 1675 840 1758 proiit..
857 1675 922 1758 :imo
936 1679 1008 1744 sant
1027 1677 1080 1762 quivi]
1132 1676 1217 1737 itini:
1245 1623 1295 1738 gu

265 1751 405 1817 credunt,
433 1751 623 1822 quarumdam
643 1765 737 1806 retum
755 1763 945 1820 cognitionem
971 1749 1077 1808 bantini
1130 1749 1288 1810 refidentia
1308 1755 1345 1811 ab
1360 1755 1504 1830 originali
1517 1774 1660 1833 peccato,
1679 1770 1950 1841 concupiscentiam

258 1821 448 1890 subtrahere,
477 1820 547 1894 quia
576 1825 693 1894 mirvalt
721 1837 755 1878 iit
771 1833 888 1906 propter
907 1822 1079 1897 cognitionis
1131 1825 1272 1884 nimirum
1293 1828 1331 1886 ob
1350 1829 1439 1915 quiam
1460 1834 1598 1896 voluntas
1617 1839 1654 1898 ad
1669 1844 1784 1901 maium
1804 1849 1950 1915 proclivia

264 1895 400 1964 difldam
428 1913 481 1953 aon
504 1907 620 1968 peccet,
654 1893 708 1966 ni'fi
727 1895 943 1963 materialiter,
971 1915 1077 1970 qaam,
1132 1897 1293 1968 remansit,
1314 1899 1341 1958 dc
1359 1907 1556 1974 ignorantiam
1580 1927 1616 1968 eir
1635 1929 1694 1987 qua
1712 1916 1884 1978 obnubilata
1905 1938 1950 1978 ra-

146 1993 160 1998 ·
264 1983 299 2025 ur
330 1965 465 2040 occasione
500 1967 674 2044 cognitionis
696 1964 763 2052 sure*
783 1967 952 2036 sonaim
983 1969 1077 2028 ilalin-
1130 1971 1236 2031 mansit
1256 1975 1358 2046 ratio;
1379 1977 1561 2054 proindeque
1582 1981 1619 2042 ic
1641 2003 1868 2059 argumentatur
1888 1993 1950 2053 ita

263 2063 357 2122 wi,
700 2113 704 2120 .
1129 2045 1188 2127 li·cc
1209 2048 1378 2120 loquendo,
1397 2051 1475 2126 quod
1493 2069 1548 2111 nos
1568 2057 1679 2118 latiner
1698 2061 1735 2120 Si
1752 2065 1948 2138 cmcapt'scin'·

299 2119 362 2182 ‚vix
389 2125 513 2186 tamen,
544 2117 605 2173 imo
631 2129 668 2174 ne
697 2115 748 2175 vir
780 2115 1077 2200 euidentissima,
1128 2132 1176 2174 tia
1194 2137 1248 2200 nvn
1267 2123 1388 2200 inrasae
1405 2141 1487 2194 eron,
1506 2127 1946 2210 qaiseqiii'tiieconeiipi'seenri'ae

261 2192 335 2270 quid
354 2187 471 2250 adrem
489 2185 613 2250 nubtam
654 2187 780 2248 emineat
800 2187 976 2262 propositio,
988 2205 1077 2264 quam
1130 2191 1379 2272 detestationis,
1397 2212 1485 2265 gaeta
1501 2202 1670 2278 igamaati'a
1687 2211 1825 2275 excasari
1839 2214 1943 2282 ‚damn

260 2275 412 2340 opponunt
441 2261 476 2320 ab
505 2206 683 2326 Aleianiro
701 2259 776 2322 vn.
808 2263 966 2328 damnata,
995 2263 1076 2319 circa
1130 2279 1179 2346 qtii
1195 2265 1330 2334 sequitur
1349 2267 1580 2350 devastationes
1596 2271 1612 2328 i
1629 2279 1787 2338 amantia?
1820 2281 1868 2340 Ea
1887 2301 1947 2360 quo

261 2349 418 2414 peccatum
439 2334 699 2410 philosophicum,
718 2351 781 2408 qua
800 2333 949 2416 ilabebat:
970 2329 1075 2392 Pecca-
1129 2333 1237 2392 demde
1248 2336 1420 2407 concludit,
1439 2341 1519 2413 quod
1538 2293 1628 2402 ionii
1631 2365 1737 2420 peccat
1747 2369 1872 2426 operans
1882 2375 1949 2429 pre·

262 2431 325 2472 tiiiti
341 2407 587 2482 philosophicum,
601 2409 654 2475 seii
672 2411 780 2464 morale
799 2405 990 2480 quantamvis
1005 2426 1076 2482 gia·
1114 2400 1192 2481 'pter
1223 2409 1510 2484 concupiscentiam,
1543 2417 1588 2476 ita
1613 2436 1719 2492 peceat
1737 2443 1861 2498 operans
1878 2449 1947 2506 pm.
2023 2422 2026 2426 ’

171 2493 177 2498 ’
261 2505 299 2544 ve
318 2505 351 2544 in
371 2501 400 2562 eq
419 2481 471 2552 qiii'
483 2479 577 2540 Derim
596 2483 645 2537 ves
663 2479 803 2552 ignorat,
821 2481 874 2538 vel
891 2479 995 2538 deDro
1013 2479 1075 2538 asiis
1129 2491 1197 2552 pter
1213 2483 1456 2554 ignorantiam·

260 2577 316 2614 aon
336 2574 365 2613 co
386 2566 465 2620 irat,
483 2553 520 2619 est
537 2557 631 2624 grave
646 2563 817 2626 peceatum,
833 2553 889 2620 seii
906 2572 959 2612 nea
978 2553 1014 2622 est
1034 2551 1076 2621 οἱ·
1164 2553 1220 2636 Sed
1241 2555 1383 2628 responsio
1402 2559 1580 2633 eslaperta.
1609 2566 1731 2630 Idcirco
1750 2554 1855 2645 poem
1873 2595 1946 2638 con.

256 2629 343 2700 sensa
394 2621 420 2678 ei'
458 2641 547 2695 neqae
560 2629 714 2696 peccatam
732 2629 854 2685 mortale
862 2624 1024 2706 'diffisuros
1042 2647 1075 2681 a·
1127 2627 1313 2696 cupiscentia
1339 2631 1575 2694 deordinationes
1591 2640 1746 2717 ‘'sequeris,
1774 2653 1848 2722 quia
1876 2671 1946 2714 cum

295 2700 301 2710 '
413 2657 472 2754 liei·
482 2733 491 2764 ,
510 2713 598 2770 neque
616 2710 723 2752 aterna
739 2698 972 2768 perindignum.

261 2777 299 2832 ad
319 2787 380 2832 rem
402 2767 552 2836 nostram,
582 2769 727 2851 inquam,
758 2768 898 2840 pertinet.
917 2697 1076 2844 propitiis
1127 2770 1187 2833 iam
1207 2770 1446 2845 concupiscentia
1476 2781 1536 2853 ipsa
1554 2783 1595 2840 esi
1617 2790 1802 2853 voluntaria.
1833 2797 1945 2861 Aliter

258 2699 403 2775 „maram
1023 2695 1074 2754 uid
1127 2700 1284 2762 voluntate
1303 2702 1403 2774 sponte
1421 2706 1504 2765 illius
1515 2711 1795 2789 malitiaailliceret,
1815 2735 1887 2783 tunc
1900 2741 1946 2786 et·

259 2845 390 2917 ithaci,
418 2841 478 2927 Qui
498 2842 647 2915 cognoscit
667 2837 815 2901 offendere
834 2839 1006 2913 Naturam,
1025 2843 1075 2930 ne}
1127 2859 1202 2902 vero
1221 2847 1332 2907 accidit
1350 2851 1382 2909 in
1401 2853 1573 2925 ignorantia
1592 2859 1781 2936 invincibili,
1801 2886 1866 2943 qua
1884 2891 1944 2933 non

260 2914 524 2989 cesario-ostendit
555 2914 647 2975 etiam
667 2914 789 2975 Natura
810 2912 991 2986 sonorem,
1021 2934 1074 2991 qui
1128 2917 1167 2975 etl
1186 2923 1307 2992 volita,
1335 2940 1431 2999 neque
1451 2929 1569 2999 plicet.
1607 2933 1800 3001 Manifestum
1819 2944 1858 3005 esi
1878 2954 1951 3009 nub

260 2994 299 3055 eli
318 2994 418 3061 Deus,
437 2986 550 3049 etiamsi
570 2988 605 3047 de
626 2986 693 3047 Deo
713 3004 771 3061 ripn
791 2990 922 3061 cogitet:
943 2990 1002 3067 Sed
1019 2991 1072 3068 qui
1128 2992 1188 3050 lum
1207 2992 1264 3053 esse
1284 3011 1463 3069 peccatum,
1489 3002 1541 3059 nisi
1570 3009 1797 3089 voluntarium3
1823 3033 1865 3077 eo
1884 3021 1942 3093 sir,

260 3080 456 3145 operaturos
476 3063 645 3135 ignorantia
663 3061 833 3121 invincibili
865 3062 938 3134 legis
956 3072 1074 3123 natura·
1125 3078 1158 3123 ut
1180 3070 1425 3151 quemadmodum
1448 3075 1601 3159 sequentes
1613 3096 1666 3141 nos
1678 3090 1942 3154 voluntariascon-

258 3144 319 3209 ης,
338 3155 433 3214 „eque
444 3134 539 3193 Deum
561 3136 708 3201 oll‘ondit,
728 3136 781 3195 nili
799 3148 914 3195 tantum
937 3138 1074 3195 materia·
1127 3142 1311 3209 cupiscentia
1331 3145 1572 3207 deordinationes
1591 3168 1769 3229 peccamus,
1799 3166 1842 3224 ira
1863 3174 1942 3245 paq.

257 3218 351 3283 liter,
386 3215 433 3271 vel
464 3210 523 3281 (ut
543 3209 650 3269 melius
669 3208 790 3283 dicam>
817 3210 848 3267 in
869 3208 965 3267 uiliilo
984 3208 1073 3291 offen·
1124 3222 1172 3274 ter
1190 3229 1347 3285 peccamus
1365 3220 1541 3290 ignorantia
1562 3228 1734 3299 vincibilis,
1752 3232 1943 3301 &voilia-sa-

257 3292 329 3361 dit;
349 3284 473 3345 Etenim
494 3282 658 3340 materialis
676 3279 795 3342 oli'rnsto
813 3284 1073 3347 nonbibetratio·
1126 3298 1248 3361 quantes
1267 3288 1528 3373 inordinationes,
1544 3313 1562 3353 e
1580 3305 1733 3363 contremo
1750 3318 1879 3381 tamen,
1890 3314 1943 3375 sie·

253 3352 328 3421 'nem
346 3359 480 3425 oileol'ae,
501 3352 549 3413 sed
570 3352 606 3413 ad
627 3356 771 3413 summum
793 3351 863 3414 ell'et
882 3356 1007 3415 materia
1027 3356 1073 3415 os·
1125 3358 1168 3415 uti
1188 3362 1304 3433 operari
1335 3363 1420 3436 juxta
1446 3370 1735 3446 concupiscentiam,
1765 3380 1944 3447 sartangis,

256 3436 363 3505 sensa,
383 3434 403 3489 si
422 3429 513 3487 bomo
534 3442 684 3502 tamquam
698 3428 835 3489 offensam
846 3429 930 3501 Dei,
947 3442 997 3489 aut
1007 3428 1072 3492 Na·
1126 3434 1312 3517 voluntatem
1332 3438 1479 3508 nomam,
1496 3456 1650 3511 peccatum
1670 3452 1854 3526 nullusnest,
1877 3458 1958 3531 iuti

255 3519 330 3569 tura
348 3504 414 3563 cani
435 3502 687 3572 apprehenderet.
986 3533 990 3541 ·
1123 3516 1155 3563 ta
1174 3509 1253 3581 quod
1274 3512 1372 3582 arebat
1392 3512 1550 3587 Apostolus
1569 3518 1680 3590 (iton
1694 3531 1839 3601 7.19.):⁴
1850 3533 1948 3613 Quid.

262 3579 361 3637 'Nec
380 3576 537 3651 quicquain
558 3573 732 3647 suffragatur
752 3575 852 3637 dicere
873 3576 995 3637 insensu
1039 3568 1070 3637 ts·
1122 3583 1186 3637 nolo
1204 3584 1478 3660 malamboi'ago,
1497 3590 1541 3649 ita
1559 3606 1678 3667 quoque
1698 3610 1854 3670 peceatum
1875 3610 1942 3667 iffi.
1983 3622 1990 3634 1

256 3650 403 3717 versarii,
431 3646 510 3719 quod
529 3646 777 3717 quemadmodum,
804 3650 876 3707 fides
896 3650 1070 3727 noliraele·
1122 3654 1185 3709 lum
1220 3652 1259 3710 esi
1287 3659 1406 3729 operari
1432 3663 1470 3721 ob
1489 3663 1689 3735 ignorantiam
1711 3672 1941 3751 invincibilem,

256 3726 321 3787 vari
350 3722 438 3780 debet
466 3718 579 3775 lumine
606 3718 843 3787 supernaturali,
876 3735 907 3781 ut
936 3728 1070 3785 revelata
1123 3742 1190 3784 cum
1211 3740 1269 3785 non
1291 3730 1325 3790 sir
1345 3734 1461 3793 volita.

253 3796 402 3871 Mystetia
428 3791 599 3857 credamur,
627 3790 670 3871 ita
696 3790 902 3875 etiamnosira
923 3798 1000 3854 ratio
1019 3816 1069 3857 eo·
1090 3806 1104 3867 J
1160 3800 1294 3859 Ulterius
1314 3822 1385 3861 vero
1404 3809 1592 3879 progreditur
1604 3810 1738 3887 Ausiot,
1758 3818 1784 3879 ἃ
1806 3829 1941 3900 culpabi.

256 3872 325 3931 dem
346 3870 433 3927 debet
455 3864 568 3922 clevari
588 3862 723 3947 iumine,
742 3876 773 3921 tit
794 3879 865 3937 puris
879 3864 1069 3951 Naturae'tie·
1121 3874 1181 3931 lem
1199 3884 1286 3947 putat
1304 3877 1506 3949 ignorantiam
1526 3882 1674 3957 nostram,
1694 3893 1797 3953 saltem
1818 3916 1940 3974 propter

277 3944 340 4003 otia
366 3946 601 4011 cognolcainus:
655 3950 714 4019 iiiii¹
737 3948 878 4011 quantum
906 3950 1012 3999 attinet
1032 3943 1068 4001 ad
1121 3948 1238 4019 propria
1264 3962 1388 4021 peccma
1417 3956 1636 4030 anobicprius
1656 3970 1831 4041 commissa,
1862 3978 1940 4034 affir-

262 4052 263 4055 ,
301 4014 422 4090 ysieria,
442 4014 521 4071 ultio
541 3952 753 4096 coactitium
786 4010 834 4096 sed
854 4006 890 4067 ad
910 4010 982 4095 bene
1001 4032 1069 4099 ope·
1120 4032 1262 4095 matque,
1290 4025 1370 4097 quod
1389 4029 1637 4101 quemadmodum
1658 4052 1712 4097 noe
1732 4058 1855 4117 propter
1871 4066 1939 4120 pec.

258 4091 401 4157 randum,
423 4087 493 4143 licet
512 4084 632 4140 bomini.
648 4098 680 4139 in
700 4083 831 4167 tenebris
851 4085 944 4141 veluti
967 4085 1070 4169 consii-
1123 4104 1193 4151 cata
1222 4094 1318 4155 nostrii
1347 4099 1380 4157 iii
1398 4104 1505 4160 morali
1524 4104 1730 4178 constituimur
1758 4119 1943 4191 impotentia

255 4177 323 4223 auro
341 4166 371 4219 in
391 4174 508 4233 pernam
529 4157 711 4239 primigenia
730 4156 805 4214 labis
819 4154 1069 4243 ,nonsuffimmso-
1121 4168 1262 4237 operandi
1283 4170 1413 4241 bonum,
1443 4174 1538 4233 ita‘iti
1558 4183 1665 4241 morali
1679 4188 1773 4248 etiam
1789 4184 1939 4264 impoten-

258 4239 310 4306 ια,
331 4236 466 4309 nudaque
485 4230 563 4287 ratio
582 4233 746 4300 naturalis,
775 4230 823 4289 sed
843 4244 1006 4307 requiritur
1025 4249 1070 4289 iu·
1121 4239 1165 4295 tia
1182 4238 1387 4304 constituimur
1414 4248 1611 4318 cognoscendi
1633 4258 1762 4332 bonum,
1791 4269 1871 4339 quod
1890 4270 1936 4329 sr-

255 4311 339 4383 super
359 4306 471 4365 Divina
490 4316 699 4375 praeceptorum
722 4304 872 4383 revelatio
883 4338 894 4374 ‚
921 4319 952 4365 ut
971 4323 1006 4363 ca
1025 4307 1069 4363 in·
1122 4310 1262 4369 ciendum
1274 4312 1327 4383 fit,
1344 4315 1579 4397 &maltiniquod
1592 4328 1626 4386 fir
1636 4330 1831 4403 fugiendum.
1923 4374 1934 4386 ·

253 4386 378 4453 telligit
402 4390 467 4453 'qua
498 4376 634 4434 iacienda
664 4378 740 4444 siut,
772 4394 892 4453 quaque
912 4377 1068 4455 cavenda3
1101 4384 1364 4455 'propter‚sicuti
1384 4399 1579 4457 noneacusat
1598 4403 1794 4477 impotentia,

254 4453 405 4531 postquam
428 4466 500 4509 vero
518 4451 608 4505 bomo
629 4450 686 4515 hoc
706 4449 813 4507 divina
823 4454 1016 4530 revelationis
1027 4458 1069 4513 lu·
1123 4460 1233 4515 malum
1253 4474 1428 4535 operamur,
1454 4471 1534 4543 quod
1564 4478 1768 4546 cognoscimus
1794 4501 1811 4539 e
1833 4502 1851 4539 e
1871 4504 1934 4547 ma·

255 4546 324 4589 men
344 4524 491 4597 acceperit
511 4523 547 4579 ad
566 4522 638 4579 bene
656 4522 839 4594 vivendum,
865 4524 893 4581 dc
912 4526 949 4585 ad
967 4544 1070 4589 omnes
1123 4532 1211 4601 lum,·
1228 4532 1272 4591 ita
1291 4551 1351 4596 non
1368 4542 1489 4601 excusat
1507 4545 1704 4620 impotentia,
1724 4568 1791 4611 cum
1810 4555 1932 4629 ignora.

254 4603 384 4663 morales
413 4598 557 4657 veritates
589 4595 832 4666 cognoscendas,
864 4613 948 4669 prout
978 4602 1009 4657 in
1041 4602 1068 4660 sc
1121 4617 1187 4661 mus
1206 4609 1316 4677 malum
1335 4613 1414 4685 quod
1434 4617 1581 4680 iacimus.

257 4676 347 4741 sunt,
380 4670 461 4731 aliud
479 4684 538 4727 non
557 4682 630 4739 opus
649 4666 688 4725 eli
706 4670 925 4741 supernaturale
944 4677 1067 4749 lumeu3
1158 4678 1202 4735 At
1220 4696 1287 4737 cuni
1308 4680 1480 4747 liu-'Hamil
1499 4691 1552 4750 lib.
1570 4687 1597 4752 i.
1617 4697 1652 4751 de
1670 4697 1732 4756 Ait.
1752 4699 1840 4765 Huni.
1860 4728 1928 4783 ag,

255 4748 365 4807 etenim
377 4744 457 4803 Deus
478 4744 590 4815 gratias
611 4740 843 4810 supernaturales
862 4746 983 4805 minime
1002 4750 1067 4820 pol·
1118 4749 1207 4819 iiiia.
1226 4754 1431 4826 respondemus
1451 4762 1599 4834 primum,
1618 4784 1734 4837 poenam
1743 4783 1930 4846 peccam„

254 4822 358 4880 licitus
377 4814 417 4876 est
436 4816 473 4875 ad
495 4816 574 4873 hunc
595 4810 703 4898 finem,
736 4814 890 4898 sedvult,
922 4832 954 4878 ut
976 4822 1065 4880 bomo
1118 4822 1174 4908 else
1193 4828 1325 4897 malum,
1354 4834 1433 4905 quod
1454 4839 1619 4905 imputatur
1646 4841 1684 4899 ad
1705 4851 1821 4923 culpam
1841 4854 1927 4929 ejus,

253 4892 382 4953 naturali
405 4892 520 4949 ratione
540 4898 641 4945 utatur
660 4884 769 4947 diresin
788 4906 847 4963 iani
867 4910 885 4951 a
904 4896 1065 4958 revelatio
1117 4912 1167 4969 qui
1187 4902 1278 4958 talem
1297 4905 1410 4975 patitur
1421 4923 1560 4980 poenam3
1580 4918 1750 4985 quaelicet
1762 4928 1929 5001 talisigiio·
2034 4913 2038 4924 ¹

252 4984 289 5027 no
309 4976 519 5039 preceptorum
541 4958 885 5033 terminationem,
902 4966 1063 5039 utjamsu·
1115 4970 1211 5030 tantia
1229 4972 1298 5032 esset
1318 4994 1405 5049 pmna
1430 4981 1555 5037 alioruin
1577 4999 1763 5053 pcccatorum
1793 5015 1857 5073 qua
1874 5022 1928 5063 an.

243 5034 430 5113 'perdicium
453 5027 512 5105 eli,
532 5044 652 5105 eaeget
672 5036 971 5112 gratia,quaipsum
993 5040 1078 5101 illu·
1115 5052 1165 5101 tea
1185 5045 1372 5117 admisimus,
1401 5064 1532 5111 attamen
1562 5056 1624 5116 liaic
1654 5080 1775 5133 peccata
1803 5086 1862 5131 nori
1881 5077 1926 5135 sa-

252 5114 399 5179 miretur,
430 5107 457 5165 dr
483 5107 665 5171 consocietur
695 5106 731 5166 ad
751 5108 783 5167 id
803 5110 1058 5185 amplesiendum,
1111 5117 1199 5175 ciunt
1222 5122 1383 5194 culpabiles
1403 5139 1537 5193 errores,
1564 5146 1638 5203 quos
1657 5137 1766 5199 deindo
1785 5150 1925 5206 commit.

250 5186 328 5263 quod
348 5182 643 5257 cognoscitbonim,
675 5180 765 5259 idque
791 5182 964 5264 fugiendum
992 5206 1056 5251 ma·
1109 5190 1201 5255 unius
1221 5210 1258 5253 er
1276 5194 1446 5258 invincibili
1464 5196 1650 5283 ignotarum
1684 5218 1827 5290 quomam
1847 5222 1922 5280 tales

320 5257 388 5333 Lig.
407 5253 507 5319 Theos.
526 5254 617 5317 Tum.
627 5250 652 5317 1.
1562 5274 1591 5339 i
1809 5304 1888 5361 erro·¹

1294 1697 1315 1736 o
1333 1681 1417 1739 nobis
1436 1682 1550 1745 ioniae
1568 1693 1692 1750 vulnera
1709 1695 1787 1764 esse,
1805 1695 1834 1756 dt
1852 1699 1951 1760 adbuc
2002 1701 2013 1712 ’“
2113 1663 2117 1670 ¹
