4425 5750
292 242 390 305 ΠΝ

244 385 270 442 ,,
291 369 355 442 tunt
376 365 493 418 rantum
508 393 526 444 ⁵.
546 356 596 418 sed
615 355 688 443 sacti
710 358 801 418 etiam
830 357 918 434 ipaue
938 357 1095 446 ministerii
1147 401 1171 436 ,,
1188 363 1367 438 dignitatis,
1382 365 1571 445 ¹nordleia,
1590 375 1681 436 etiarn
1702 379 1823 452 speciali
1841 381 1870 442 dr
1887 379 1998 443 indicti.

247 463 271 498 „
291 429 414 499 odium,
434 431 459 490 ἃ
480 448 646 494 animorum
667 447 698 490 tn
721 435 982 520 enstconturbatto
1001 451 1095 510 rapo,-
1148 475 1171 510 „
1190 440 1268 510 due,
1296 441 1333 500 ad
1361 437 1494 504 essedum
1523 459 1557 508 ιι
1586 451 1666 512 hisce
1686 455 1790 514 nolitis
1809 455 1997 530 presentibus

244 537 270 574 ,2
289 506 360 576 pulo
380 502 588 593 fideii-exorte
607 507 681 566 sint.
736 504 814 595 trita
832 519 887 566 nos
904 510 966 568 bec
986 514 1096 591 nuncia
1149 550 1172 584 „
1191 514 1506 588 comprehendentur,
1534 525 1733 586 mentione&
1753 530 1931 602 expressione
1952 528 1997 588 di·

241 612 272 647 ι,
292 595 360 663 cunt
380 581 673 668 accepimuaefimul
694 581 884 668 audivimus,
911 596 1015 667 etintra
1034 586 1096 644 eri·
1148 625 1172 660 „
1190 589 1263 662 qni,
1290 591 1376 650 ausus
1401 591 1434 649 in
1461 593 1607 666 puberem
1631 601 1724 662 suerit
1751 603 1860 663 docere
1880 604 1999 664 licitare

244 685 267 722 „
288 656 392 740 nalem
421 655 591 732 hujusmodl
623 655 742 716 abusum
764 669 898 728 protinus
928 655 999 742 ,ulia
1020 659 1097 718 indi·
1149 698 1172 732 „
1192 661 1248 722 esse
1268 663 1439 737 hujusmodi
1460 672 1599 742 pretim,
1619 689 1707 748 prout
1727 695 1763 736 ee
1781 679 1812 736 in
1832 681 2003 737 petatem.

245 740 269 798 ι’,
289 737 432 816 emtione
449 743 504 804 pto
524 747 644 790 munere
666 729 716 786 suo
734 743 901 816 commotos
921 731 1005 790 suisse
1019 734 1097 792 dile·
1149 773 1172 807 ,,
1190 737 1250 796 sito
1268 736 1360 798 Brevi
1379 741 1536 814 exponitur
1555 762 1590 806 ec
1609 751 1804 821 reprobetur,
1821 754 1871 810 trel
1890 751 1999 818 scribe-

244 837 267 870 „
294 797 356 862 dos
375 803 473 864 Ftltos
504 803 614 892 noslros
635 803 663 862 S.
685 801 726 862 R.
745 803 783 864 E.
802 803 980 891 Cardtnaies
1011 808 1098 866 Nun·
1150 847 1173 882 „
1195 829 1246 880 re,
1266 826 1317 871 aut
1338 811 1420 888 loqui
1440 818 1630 888 presumserit
1650 825 1679 878 in
1699 825 1831 900 ejusdem
1851 827 1999 886 damnate

245 909 269 946 „
288 891 358 961 num
378 895 396 938 a
415 880 573 967 Cunltatn
594 878 695 939 iisdem
717 877 927 964 Farraginem,
947 881 971 936 dr
988 881 1098 954 Algae·
1149 922 1172 954 „
1192 887 1293 958 praxis
1312 885 1532 962 defensonetn3
1555 895 1602 952 iel
1623 913 1677 964 ea,
1698 916 1761 972 quei
1782 901 1813 956 in
1833 898 1998 960 dliiollre·

243 985 268 1018 „
290 949 404 1012 brorum
438 952 554 1026 Regma
584 951 831 1037 Generalenilla
855 956 1036 1038 utsttotettt,
1069 949 1095 1014 dt
1149 997 1172 1032 „
1193 962 1491 1022 uicontraeandem
1514 971 1629 1038 ptaritr.
1651 973 1772 1033 tlecmta
1791 976 1858 1032 sunt
1901 977 1999 1046 impu·

245 1059 269 1094 ι,
289 1025 442 1086 Thomam
470 1030 506 1087 de
529 1026 678 1098 Almeyda
701 972 912 1113 Pertinacitam
932 1031 1094 1116 Lesbonen·
1149 1071 1176 1105 „
1191 1051 1301 1106 gnare,
1328 1038 1430 1096 autin
1449 1040 1562 1100 alienos
1581 1045 1677 1102 sensis
1704 1060 1821 1114 temere
1838 1009 1997 1122 diraeque·

241 1133 267 1170 „
286 1099 366 1170 sem,
397 1117 486 1176 atque
516 1115 675 1176 utrumque
697 1102 820 1186 ¹solicite
851 1105 988 1178 gliscenti
1015 1107 1095 1162 malo
1147 1145 1172 1178 „
1190 1127 1245 1180 re,
1265 1109 1315 1166 seu
1335 1111 1546 1184 interpretari,
1580 1119 1693 1176 iticidat
1714 1124 1776 1190 ipro
1797 1119 1876 1181 iasio
1896 1125 1999 1187 incre

243 1209 268 1244 „
286 1175 524 1248 compescendo,
554 1187 643 1248 atque
663 1189 754 1261 ettam
776 1177 1093 1264 eradicandouadlabo·
1148 1219 1169 1252 „
1190 1184 1518 1256 communicationem,
1549 1209 1645 1266 equa
1666 1211 1724 1252 noa
1747 1193 1848 1263 pomi,
1878 1209 1997 1266 praten

241 1281 267 1322 „
285 1247 380 1335 rasse..
401 1249 467 1334 ilos
487 1261 610 1318 autem,
631 1265 667 1306 ne
688 1267 718 1306 tn
739 1263 802 1310 tam
837 1269 903 1309 ravi
924 1267 1092 1312 animarum
1146 1293 1169 1328 „
1187 1274 1277 1332 quarn
1297 1260 1329 1314 in
1348 1263 1477 1317 articulo
1498 1267 1623 1334 mortis,
1653 1271 1690 1326 ab
1720 1269 1780 1326 alio
1809 1286 1935 1344 quorum
1961 1286 1998 1327 ue

244 1356 269 1391 ιι
288 1321 460 1409 discumbe
481 1325 616 1410 nullast
639 1323 803 1396 perteApo
827 1327 906 1384 olito
926 1323 1095 1386 nollioMi-
1145 1368 1170 1400 „
1189 1335 1280 1390 etiam
1302 1331 1450 1402 diemtite
1468 1337 1624 1411 fulgente,
1655 1345 1706 1400 vei
1735 1343 1909 1402 teneritate
1939 1288 1996 1402 ius

241 1429 266 1466 2,
286 1395 406 1458 ntsietrn
423 1397 518 1458 deesse
539 1398 715 1470 videamur,
733 1415 807 1458 nere
826 1412 958 1459 mentem
977 1399 1036 1460 liae
1049 1401 1094 1458 su·
1142 1441 1170 1472 ,,,
1189 1405 1288 1471 sulro,
1308 1406 1358 1460 nisi
1380 1427 1396 1464 a
1417 1413 1519 1474 ⁸taliis,
1540 1421 1589 1470 vel
1610 1435 1625 1470 a
1647 1435 1699 1485 pro
1720 1431 1852 1492 tempore
1871 1415 1997 1478 raillenr

242 1507 265 1538 ,‚
286 1488 336 1542 per
366 1491 396 1530 re
429 1472 554 1530 inolitam
583 1472 661 1546 apiud
681 1489 734 1532 ros
754 1473 928 1542 obscuram,
955 1473 1093 1534 &mbi-
1145 1513 1168 1546 „
1188 1490 1218 1534 te
1238 1479 1378 1536 Romano
1399 1478 1568 1552 Pontifice,
1590 1492 1720 1548 ebroini.
1900 1482 1910 1492 ‘

242 1547 266 1612 ἦ,
287 1563 375 1616 guam
399 1545 454 1606 elie
476 1548 619 1634 sinamtis3
639 1559 741 1606 netum
764 1549 848 1606 vobit
867 1547 1092 1620 essevolumus,
1181 1551 1222 1609 Et
1242 1553 1314 1637 quia
1333 1569 1397 1610 nott·
1413 1559 1502 1614 modo
1521 1562 1684 1620 cavettdunt
1704 1561 1764 1632 ιι,
1782 1577 1838 1632 ιι,
1857 1581 1920 1638 qua
1930 1563 1997 1622 sunt

238 1635 441 1704 memoratam
462 1621 591 1694 superius
610 1623 725 1694 praxim
748 1619 1090 1696 penitusreprobandant
1145 1625 1267 1685 anobis
1294 1623 1326 1682 in
1353 1629 1528 1702 praeinsertis
1547 1633 1660 1692 Literis
1679 1633 1824 1704 decretu
1856 1637 1892 1694 ab
1911 1636 1995 1696 omni

243 1689 323 1762 ene,
342 1697 477 1754 eamdem
502 1714 538 1755 ue
559 1714 575 1756 a
594 1698 678 1754 nobis
717 1713 748 1756 er
769 1695 921 1770 presentes
942 1697 1091 1754 nolltasin
1144 1699 1392 1784 impugnatione,
1411 1703 1666 1778 contradente,
1687 1708 1996 1786 pravaqueinrerpre·

239 1765 338 1828 sormi
359 1769 465 1832 Brevis
515 1772 599 1830 iteris
616 1788 683 1844 repr
724 1773 789 1840 ari,
821 1781 910 1846 atque
931 1771 1091 1842 damnari,
1144 1786 1259 1834 tattone
1279 1773 1360 1836 salue
1378 1766 1456 1850 sint,
1482 1779 1510 1837 a
1528 1767 1694 1852 immunia,
1723 1785 1936 1844 verumetiam
1959 1799 1996 1844 ne

238 1843 626 1928 tanquamlscaiidalosam
645 1845 672 1903 di
691 1845 908 1920 perniciosam,
928 1849 1091 1905 artemia·
1145 1849 1213 1926 quis
1245 1847 1276 1906 in
1304 1847 1490 1912 §aeramenti
1523 1853 1713 1917 Paenitentia
1740 1855 1998 1918 administratione

238 1929 295 2000 me
314 1935 536 1988 proximorum,
556 1937 644 1994 quani
663 1921 716 1994 ips
736 1921 827 1982 etiam
838 1917 1029 1980 Sacramenta
1048 1920 1091 1977 in·
1145 1924 1183 1982 ab
1215 1937 1317 1982 eorum
1346 1926 1521 1988 omnimoda
1541 1932 1732 1994 observantia
1761 1949 1890 2008 unquam
1912 1947 1995 1990 rece·

241 1991 409 2064 auriolum,
428 1995 659 2079 tendentemque
682 1994 718 2054 ad
738 1991 908 2078 sacrosaniii
931 1994 1019 2067 dgitti
1039 1994 1090 2054 Sa·
1144 1996 1217 2066 dat‚·
1245 1997 1363 2060 idcirco
1389 2003 1528 2062 omnibus
1556 2003 1585 2062 ἃ
1612 2001 1731 2080 singulis
1747 2003 1941 2090 Cpnsesseriis
1961 2023 1995 2063 u

241 2072 435 2152 eramentalis
463 2071 682 2156 violationem,
711 2080 800 2144 arque
821 2069 857 2128 ab
877 2070 1007 2144 ιιιιιιιι
1028 2085 1089 2144 pte·
1142 2071 1274 2148 tritisque
1292 2069 1378 2134 Cleri
1410 2088 1471 2136 tam
1501 2073 1667 2148 secularis,
1696 2097 1786 2154 quem
1817 2079 1995 2154 requiris,

239 2153 377 2226 uttentte
393 2145 575 2206 sacramenti
596 2155 750 2218 tantopere
769 2142 924 2215 prolicua,
943 2140 971 2201 it
992 2143 1089 2202 neces·
1141 2149 1336 2222 quantumvis
1355 2151 1508 2224 exempti,
1526 2152 1554 2210 a
1575 2168 1751 2230 quantoque
1770 2153 1996 2228 specialidtet·

240 2215 319 2274 satio
339 2218 389 2304 usu
408 2215 511 2277 fideles
532 2219 768 2279 abalienantem.
796 2255 818 2287 „
837 2215 1007 2290 Eupropter
1026 2217 1087 2278 Ve·
1141 2219 1234 2293 pressa
1254 2215 1407 2298 mentione
1433 2225 1509 2285 alias
1529 2218 1650 2286 sortaffe
1667 2225 1863 2296 nominandi,
1895 2229 1994 2300 grevi-

239 2326 265 2362 ‚,
284 2291 432 2354 nerabtles
451 2292 594 2378 Fratres,
627 2307 806 2368 quamquam
827 2293 863 2350 de
884 2289 1018 2364 pastorali
1039 2309 1088 2352 ve·
1141 2309 1190 2359 ter
1205 2293 1233 2356 le
1251 2291 1397 2368 durinc,
1416 2297 1513 2358 divini
1531 2301 1777 2362 interminatione
1797 2301 1930 2376 judieii,
1949 2309 1994 2358 at·

241 2363 519 2443 „stratigilnntia
537 2368 613 2424 nihil
633 2365 692 2436 esi,
722 2364 801 2442 quod
821 2366 1010 2426 dubitemus:
1043 2367 1087 2426 su·
1141 2386 1199 2445 que
1231 2368 1266 2428 in
1295 2372 1407 2432 virtute
1435 2369 1537 2434 sannae
1566 2367 1768 2448 obedientie,
1821 2374 1994 2436 robibentus

234 2468 262 2510 ·,,
282 2445 377 2513 premi
399 2456 499 2503 tatnen
517 2441 610 2525 ossicli
630 2458 748 2517 queque
768 2439 855 2502 nostri
870 2437 1087 2502 esl'ecenscmus
1139 2481 1163 2516 „
1182 2461 1238 2513 ne,
1258 2447 1455 2506 conformiter
1476 2447 1514 2508 ad
1533 2449 1700 2524 predictam
1719 2470 1788 2526 repr
1827 2463 1907 2512 etam
1929 2465 1995 2523 pre·

239 2553 263 2584 ,‚
284 2517 472 2578 alacritatem
494 2515 585 2590 ipsam
606 2515 730 2576 vestram
762 2517 820 2574 bac
849 2515 959 2576 mentis
988 2513 1087 2592 npilra
1139 2555 1163 2589 „
1183 2519 1243 2576 iiim
1264 2524 1464 2592 prenitentes,
1484 2525 1535 2598 qui
1557 2541 1734 2596 peccatum,
1762 2527 1812 2584 seu
1831 2526 1946 2582 crimen
1965 2539 1997 2581 a·

238 2627 262 2660 ‚,
281 2605 383 2664 aperta
404 2589 641 2666 significatione,
659 2587 875 2664 &Apostolicis
893 2590 1087 2663 insuperbor·
1140 2629 1163 2661 „
1182 2592 1307 2666 liquori,
1333 2595 1419 2677 cujus
1445 2593 1581 2662 sociem,
1613 2609 1664 2652 etit
1693 2597 1788 2652 socios
1807 2595 1995 2662 habuerint,

240 2701 261 2734 „
279 2667 447 2728 rationibus
473 2665 577 2724 nolitis
606 2663 748 2724 intentius
770 2681 899 2732 acuere,
929 2662 1087 2722 &excitat-
1140 2700 1163 2736 „
1183 2663 1250 2736 ipfis
1270 2664 1302 2720 in
1322 2664 1485 2723 Tribunali
1501 2665 1689 2724 Ptenitentiai
1708 2665 1928 2734 confiteantur,
1949 2665 1995 2724 in·

239 2775 262 2808 „
282 2759 334 2810 re,
354 2754 386 2801 ut
408 2757 462 2812 pro
480 2741 508 2800 se
527 2736 650 2814 quisque
670 2734 796 2796 velitum
808 2737 1087 2809 opportunioribus,
1139 2774 1163 2816 „
1182 2749 1336 2812 terropare
1357 2736 1532 2812 presumant
1551 2737 1588 2811 de
1608 2737 1727 2798 nomine
1739 2740 1828 2811 socii,
1848 2739 1898 2798 seu
1911 2751 1994 2798 corn·

240 2815 480 2893 „quascumque
521 2813 657 2872 radentia
676 2810 870 2885 suggesserit,
891 2809 975 2870 initis
995 2811 1087 2870 ratio·
1140 2809 1272 2885 „plicis
1323 2813 1392 2872 loco
1412 2809 1630 2885 habitationis,
1660 2817 1709 2874 rel
1728 2811 1798 2873 aliis
1823 2810 1993 2887 hujusmodi

238 2926 262 2960 „
283 2892 389 2960 nibus,
419 2890 481 2949 &e
515 2890 678 2947 carioribus
709 2886 871 2963 quibusque
900 2884 974 2961 juris
995 2902 1088 2945 reme·
1140 2924 1163 2957 „
1181 2882 1272 2957 adjun
1301 2885 1344 2957 ιι,
1364 2885 1918 2963 saecitcumllantiis,expressionem
1930 2904 1995 2947 ma·

241 3000 265 3032 „
284 2964 363 3033 diis,
394 2964 491 3041 quoad
510 2980 583 3037 opus
603 2963 717 3032 suerit,
746 2976 851 3020 contra
879 2960 1087 3036 delinquentes
1139 2998 1163 3032 „
1203 2960 1284 3047 'sque
1302 2961 1488 3021 indiuiduam
1518 2961 1649 3037 ejusdem
1679 2965 1837 3039 complicis
1866 2964 1991 3023 manil'e·

242 3077 265 3109 ,‚
285 3037 441 3099 Mittillros
471 3035 617 3097 adhibitis
645 3038 765 3097 noriam
787 3033 952 3109 hujusmodi
973 3037 1089 3094 novita-
1143 3074 1167 3111 „
1209 3046 1340 3095 attonem
1359 3038 1626 3112 concernentibus3
1655 3034 1753 3098 eidem
1773 3037 1990 3113 poenitenti,st

237 3148 263 3186 ,‚
282 3130 342 3173 tem
362 3110 474 3185 sirenue
495 3110 698 3181 terreamini,
716 3128 750 3171 ac
772 3128 845 3184 pene
859 3110 1026 3169 irascentem
1037 3128 1089 3182 op·
1141 3148 1164 3183 „
1184 3108 1368 3171 manifestare
1388 3108 1520 3173 renuerit
1532 3150 1544 3183 ,
1558 3112 1813 3175 sacramentalem
1834 3110 1994 3172 aurdane

240 3224 264 3257 „
284 3190 446 3262 primatis,
465 3202 562 3263 neque
581 3186 739 3259 patiamini
758 3187 878 3247 traditis
898 3203 972 3244 cura
993 3183 1089 3248 veslre
1141 3222 1164 3257 „
1176 3201 1251 3263 ,qem
1265 3182 1464 3263 denegando:
1497 3184 1633 3263 alioquin
1652 3188 1792 3246 noverint
1810 3182 1889 3256 sese,
1910 3188 1992 3245 ultra

242 3297 266 3333 „
284 3266 389 3323 ovibus
409 3263 450 3320 ibi
461 3258 671 3322 offendiculum
686 3263 804 3335 parari,
822 3261 872 3319 ubi
886 3262 963 3317 salus
976 3258 1089 3317 aCliri·
1141 3297 1165 3332 „
1182 3262 1301 3333 peccati
1323 3262 1447 3321 lethalis
1467 3260 1640 3331 incursum,
1668 3258 1840 3337 suspensioni
1871 3260 1907 3321 eb
1926 3258 1992 3318 offi-

242 3372 263 3406 „
282 3338 325 3395 sio
356 3338 448 3412 pofita
476 3336 538 3407 esi,
569 3338 605 3395 tib
625 3353 722 3411 eoque
753 3335 861 3393 divina
882 3332 1089 3401 misericordiae
1141 3372 1165 3405 ,‚
1182 3338 1232 3393 cio
1250 3334 1467 3395 audiendarum
1485 3332 1719 3407 consessionem,
1748 3336 1876 3413 aliisque
1896 3334 1993 3413 eriam

240 3450 263 3481 „
284 3414 367 3473 sonte
389 3412 592 3477 interverti,
626 3426 659 3467 ac
679 3408 841 3477 deterreri,
872 3409 909 3467 ed
934 3424 1023 3483 queat
1051 3410 1088 3471 ab
1142 3446 1165 3479 „
1180 3408 1370 3543 gravioribus
1387 3412 1483 3484 pinnis
1501 3410 1565 3469 sore
1586 3408 1830 3487 subjiciendos„
1941 3452 1946 3459 ,

238 3522 262 3557 „
282 3488 388 3547 eodem
409 3484 613 3555 Redemptore
633 3482 729 3541 nolito
749 3482 785 3541 ed
799 3482 988 3567 abluendas,
1008 3480 1089 3541 deal·
1206 3499 1327 3543 reterre
1345 3485 1485 3561 quoniam
1505 3498 1609 3558 contra
1629 3484 1801 3546 damnatum
1822 3480 1994 3557 huiusmodi

238 3596 263 3632 ,,
283 3563 449 3634 bandasque
467 3560 499 3615 iti
519 3558 659 3627 sanguine
679 3556 731 3613 suo
759 3572 873 3615 enimes
894 3553 1088 3615 amantissime
1142 3558 1297 3618 exitialem
1317 3558 1458 3629 abusum,
1478 3577 1515 3619 ne
1534 3577 1600 3617 cum
1621 3558 1931 3637 animarumpetnicie
1944 3574 1994 3616 re·

241 3670 264 3703 „
282 3638 470 3695 invitantur.
510 3626 650 3715 Interea,
681 3630 749 3691 dum
780 3634 884 3689 arelo
904 3630 1021 3699 restro,
1053 3648 1089 3689 ac
1142 3634 1223 3693 dices
1245 3644 1337 3707 agat,
1355 3631 1467 3693 necesse
1487 3634 1622 3693 ducimus
1643 3634 1786 3703 modum,
1809 3650 1843 3693 ac
1864 3632 1991 3693 sormam

241 3744 264 3777 „
284 3708 442 3782 prudentia
473 3706 671 3765 luculentiore
701 3705 787 3767 nobis
807 3719 893 3766 cetto
911 3707 1090 3778 pollicemur
1142 3709 1237 3767 etiam
1256 3708 1288 3766 in
1306 3706 1372 3767 soro
1389 3721 1512 3767 externo
1530 3702 1921 3783 procedendi,dt'ultrices
1941 3706 1994 3763 ad·

238 3819 263 3852 „
283 3782 381 3839 ausim
399 3778 519 3855 pietatis
537 3778 563 3839 dr
583 3781 773 3839 obseruantia
793 3792 988 3853 argumente,
1010 3782 1090 3863 Apo·
1141 3782 1241 3841 versus
1259 3798 1325 3841 reos
1344 3798 1446 3855 peenas
1458 3780 1654 3856 imponendi,
1672 3778 1822 3850 statuere,
1842 3794 1930 3911 erpere
1944 3796 1994 3837 or·

239 3890 264 3927 ,‚
282 3852 415 3915 inlicem
435 3852 676 3916 Brundisiionem
698 3872 764 3915 cum
776 3852 1087 3914 uberrimecelesltum
1142 3856 1270 3931 dinarep
1286 3858 1445 3933 omnesque
1465 3858 1819 3930 superhoeexotitutas,
1839 3871 1876 3911 re
1898 3852 1991 3911 etiam

241 3966 264 4003 „
284 3931 497 3992 charismatum
518 3932 604 4004 copia
622 3926 810 4005 conjunsiam
833 3930 938 3998 robis,
956 3928 1089 3989 Venera-
1142 3931 1202 4006 jam
1229 3940 1347 3991 exortas
1374 3929 1560 3990 dissensiones
1591 3942 1795 4000 componere,
1826 3922 1992 3998 &penitus

240 4042 263 4077 „
282 4008 357 4065 biles
375 4006 515 4073 Fratres,
533 4022 571 4064 eir
591 4004 692 4065 animo
711 4001 920 4076 impertimur.
939 4003 1088 4069 Volumus
1141 4020 1294 4081 amputare
1304 4027 1317 4075 ,·
1340 4010 1497 4075 volumus,
1519 4005 1729 4068 decernimus,
1749 4015 1785 4057 ac
1803 3997 1992 4059 declarentur

176 4126 179 4133 .
241 4116 264 4151 „
284 4094 414 4153 atatem,¹
436 4095 471 4139 ur
490 4080 670 4153 presentium
690 4078 882 4147 transumtis,
910 4076 969 4137 five
987 4094 1086 4137 erem·
1139 4079 1441 4158 „quoddocentes,
1463 4076 1625 4147 utsupra,
1657 4072 1774 4132 licitam
1795 4072 1854 4133 esse
1874 4074 1990 4149 prarim

241 4190 263 4225 ii
282 4158 361 4229 plis,
388 4156 487 4214 etiem
507 4149 671 4227 ιιιριιιιίι,
702 4168 793 4211 manu
818 4149 943 4226 alicujus
963 4151 1085 4213 Notarii
1137 4194 1161 4227 „
1180 4174 1197 4213 a
1215 4156 1300 4215 nobis
1319 4149 1608 4231 jameeprobatare,
1627 4152 1677 4207 vel
1695 4150 1727 4206 in
1746 4146 1879 4225 ejusdem
1891 4148 1991 4222 praeis

241 4266 262 4299 „
283 4232 394 4305 publici
414 4228 604 4301 subscriptis,
631 4227 659 4285 a
679 4226 777 4301 upilio
795 4227 921 4301 persone
939 4228 970 4283 in
989 4228 1084 4301 digni·
1139 4267 1162 4303 „
1181 4229 1381 4288 defensionem
1403 4224 1587 4293 scribentes,
1610 4236 1661 4282 aut
1674 4226 1862 4299 loquentes,
1891 4226 1941 4281 tel
1960 4240 1991 4281 e·

239 4341 263 4375 „
282 4319 346 4365 tate
378 4300 573 4393 ecclesiastica
602 4300 765 4387 constituta
798 4302 948 4371 munitis,
980 4304 1085 4388 eadem
1138 4342 1161 4377 „
1182 4303 1294 4390 jusdem
1313 4298 1549 4384 reprobationem
1570 4298 1603 4356 in
1622 4311 1791 4357 meinorato
1809 4296 1992 4383 nodroBre·

238 4374 845 4533 :3inlisisinlisis‘illiniri
868 4392 921 4519 ii}
940 4378 1087 4510 iiiiii
1141 4418 1164 4524 :3
1183 4370 1992 4525 {sesilliisdaniillati,tuldila

240 4564 264 4599 „
283 4529 447 4597 exhibita,
465 4522 659 4585 veloilensa.
679 4524 791 4585 Datum
802 4524 906 4582 Rome
925 4528 1002 4597 apud
1024 4526 1087 4583 san·
1141 4564 1163 4597 „
1183 4518 1328 4583 didiorum
1348 4520 1521 4595 Regnorum
1545 4534 1634 4597 atque
1654 4521 1802 4579 ditionum
1820 4520 1921 4579 severe
1940 4532 1992 4591 pu·

240 4638 263 4673 ,,
282 4600 357 4661 dam
380 4599 511 4659 Mariam
532 4596 600 4659 Ma'
623 4613 685 4659 rem
714 4599 765 4655 sub
792 4602 903 4657 annulo
930 4599 1089 4665 Piscatoris
1143 4638 1166 4671 „
1184 4594 1371 4666 arantum&
1393 4608 1499 4654 contra
1517 4612 1594 4665 eos,
1611 4596 1640 4657 dt
1658 4612 1761 4655 eorum
1782 4591 1995 4668 quemlibetin

242 4712 264 4747 „
284 4677 336 4734 die
356 4692 424 4749 ιιι.
456 4672 561 4733 mensis
598 4674 650 4733 ulii
670 4670 859 4735 MDCCLV.
891 4672 1089 4735 Pontificatus
1143 4714 1165 4745 ,‚
1186 4673 1290 4731 eodem
1301 4668 1410 4729 Officio
1428 4670 1625 4744 procedatur,
1644 4686 1705 4729 non
1726 4670 1824 4735 minus
1843 4676 1995 4739 accontre

235 4778 264 4823 ·„
283 4748 373 4807 nostri
395 4760 474 4806 anno
491 4752 618 4824 quinto.
640 4748 803 4825 cajetanus
821 4748 967 4808 Amatur.
1144 4786 1166 4817 „
1185 4749 1256 4805 ilios
1277 4745 1388 4801 ibidem
1410 4747 1530 4816 procedi
1549 4746 1651 4813 solet,
1705 4744 1735 4801 ui
1756 4740 1906 4813 asserunt,
1933 4752 1995 4799 tra·

274 4825 339 4884 Has
368 4840 457 4895 porro
482 4838 536 4882 nos
556 4824 674 4885 Literas
703 4824 733 4879 in
765 4824 861 4881 sorma
881 4818 990 4881 Brevis
1017 4833 1090 4883 tunc
1143 4860 1166 4891 „
1185 4821 1280 4889 dunt,
1299 4831 1420 4877 tuentur
1439 4822 1591 4892 opiniones
1612 4762 1819 4887 scanialosas,
1839 4814 1997 4901 ‘pernicio-

238 4900 325 4959 datas
347 4899 454 4956 iterum
476 4897 661 4969 presentibus
681 4894 783 4954 nostris
803 4894 1034 4961 confirmanius,
1063 4894 1090 4975 dr
1144 4934 1167 4966 „
1186 4896 1253 4962 sas,
1280 4890 1360 4952 &ut
1379 4896 1456 4953 tales
1477 4913 1494 4954 a
1513 4894 1589 4955 Sede
1609 4890 1783 4969 Apostolica
1803 4884 1995 4968 repedem&

241 4974 434 5041 roboramus,
453 4972 557 5047 easque
578 4975 614 5031 ab
631 4973 793 5040 omnibus,
813 4971 840 5028 st
862 4969 981 5041 singulis
994 4966 1090 5029 fideli·
1143 5007 1166 5039 „
1178 4967 1420 5027 condemnatas.

237 5061 309 5117 ter,
330 5044 488 5123 eraiieque
506 5046 660 5109 observati
678 5045 882 5120 injungimus,
911 5058 1000 5117 atque
1020 5058 1092 5117 pte·
1179 5083 1202 5113 ‚,
1220 5042 1367 5103 Similiter
1385 5042 1415 5100 itt
1436 5044 1541 5103 eodem
1562 5042 1677 5109 Officio,
1697 5038 1914 5115 procedendum
1934 5037 1993 5097 erit

237 5125 389 5199 cipimus.
1143 5156 1167 5189 „
1183 5117 1211 5175 dt
1241 5116 1362 5189 procedi
1391 5119 1529 5179 volumus
1556 5137 1592 5175 ac
1612 5116 1766 5175 llatuimus
1793 5125 1898 5174 centra
1915 5108 1996 5177 Con·

278 5236 300 5271 „
319 5198 489 5259 Stamentet
509 5192 646 5271 insuper,
673 5210 707 5255 ec
728 5193 942 5261 decernentes,
974 5204 1006 5251 ut
1025 5190 1091 5278 qui·
1145 5230 1168 5262 „
1184 5190 1316 5251 sedatior
1336 5210 1474 5269 quoque,
1496 5208 1529 5254 ut
1549 5194 1631 5274 supra
1651 5191 1882 5265 delinquentes,
1901 5202 1937 5243 ee
1956 5184 1995 5253 de

235 5290 399 5351 „eaeque
426 5270 558 5351 cujusvis
585 5270 694 5343 stetur,
724 5268 856 5345 prades,
886 5266 1090 5341 conditionis,
1140 5305 1166 5349 „
1189 5270 1309 5362 aoniae
1340 5268 1498 5347 complicis
1528 5277 1727 5343 penitentem
1752 5265 1994 5401 ιιιιιιὲἱιειὲιι.

1803 5376 1827 5415 η
1945 5362 1961 5381 .
