4425 5750
293 253 333 306 12
735 225 818 306 Lib.
844 225 873 302 Ι.
897 225 1021 306 Trebi.
1050 229 1078 306 l.
1105 231 1163 305 De
1190 223 1442 304 Conscientia.

255 367 327 424 tas,
356 353 404 410 sed
426 353 586 430 requiritur
605 354 725 412 moralis
749 352 899 410 certitudo
918 352 953 409 de
976 353 1065 408 bone·
1118 369 1192 428 to.3.
1212 357 1247 410 de
1258 357 1313 426 leg.
1333 366 1396 427 cap.
1407 353 1435 411 6.
1456 367 1543 424 qua.
1560 351 1611 408 Ad
1621 352 1854 432 rationem-legis
1861 371 1928 432 per·

252 427 325 488 nate
346 425 486 498 abilonis,
508 427 592 500 juxta
611 429 686 486 illud
705 429 744 502 D.
758 427 845 486 Pauli
867 426 903 482 nd
917 425 1008 482 Rom.
1021 445 1065 498 14.
1118 442 1212 484 tinent
1260 427 1460 511 romulgaeio,
1489 429 1520 482 dr
1538 424 1589 481 vis
1616 429 1766 500 oblt'gandi
1783 473 1791 489 .
1832 433 1935 492 nodie·

249 502 800 645 sinistralistessella
819 511 977 628 settle
996 499 1065 628 td:
1117 499 1227 646 ills..
1253 510 1316 646 tsi.
1335 500 1811 650 ilts·.t.⁰·;..s“⁸tas‘.ln
1828 525 1931 634 etis:

252 647 399 712 scientiae,
419 647 461 704 ita
479 660 510 704 ut
530 650 621 704 horno
638 647 667 702 in
685 646 734 702 sua
751 644 932 702 conscientia
951 644 1066 715 persua·
1117 640 1355 717 dispensabilitcr
1374 643 1512 716 requisita
1531 645 1568 701 ad
1588 647 1604 700 s
1638 646 1716 702 ditos
1736 649 1929 718 obligandos:

251 721 311 776 sum
333 720 382 775 srbi
395 721 525 788 babeat,
546 719 625 794 quod
639 718 754 790 agendo
773 715 850 776 reete
872 728 959 788 agat,
979 727 1065 788 prout
1118 719 1168 776 Aa
1185 719 1236 775 boc
1253 732 1288 775 ut
1306 716 1470 773 leuinablu
1484 719 1610 785 secunda
1629 719 1751 790 obliget,
1771 722 1932 794 requiritur

252 792 496 925 diissiiinusd
516 794 637 922 nist
655 791 683 933 ⁵.
701 787 1065 934 ‘illinit-‚Mil
1117 787 1541 936 ppeprppggnauffigss
1555 791 1930 927 susbsistunt

488 909 495 924 ι
684 905 690 920 ⁸
744 905 751 920 0
929 905 937 922 1
965 887 983 922 a
1016 905 1023 921 0
1056 905 1063 920 ⁸
1406 905 1413 922 0
1911 887 1931 926 ο

249 933 418 1012 Propteten'
432 939 461 996 in
483 938 602 1010 prefata
622 936 772 994 Dissertat.
800 935 903 993 salsum
929 881 1065 1010 reputatii
1117 941 1153 994 de
1163 936 1240 1011 Just.
1253 935 1366 1010 (ψη
1383 935 1472 996 lib.t.
1491 956 1539 1010 qu.
1555 957 1580 996 r.
1600 948 1658 997 art.
1667 957 1696 1008 4.
1715 934 1834 996 dicens:
1854 943 1930 1000 Nul-

251 1012 370 1071 ellittum
391 1013 464 1070 illud
485 1026 639 1068 commune
659 1009 738 1066 inter
758 1009 992 1079 Ptobabilislas,
1018 1010 1064 1066 ni·
1115 1013 1149 1067 la
1168 1013 1216 1067 lere
1234 1013 1329 1065 ullum
1346 1009 1430 1066 babet
1449 1009 1575 1084 vigorem
1591 1011 1667 1085 legis
1682 1025 1750 1068 ante
1765 1017 1939 1090 promulga-=

252 1087 380 1144 mitum:
433 1085 467 1142 ui
479 1081 668 1157 probabiliter
688 1081 775 1155 agit,
800 1086 957 1156 prudenter
977 1081 1062 1154 agit.
1116 1080 1243 1149 tionem,
1258 1085 1313 1149 sed
1332 1097 1401 1139 tunc
1418 1084 1633 1153 instituuntur,
1665 1103 1729 1142 cum
1743 1091 1932 1160 promulgan-

288 1160 366 1216 Dico
390 1158 448 1215 11.
479 1157 587 1229 quod,
618 1155 727 1212 duabus
757 1172 838 1228 teque
869 1156 1066 1226 probabilibus
1120 1169 1186 1218 tut.
1224 1155 1393 1227 Statimque
1411 1156 1579 1230 subjungit:
1600 1158 1701 1230 ltaque
1719 1162 1834 1215 nullam
1852 1165 1932 1220 exie·

251 1231 435 1302 opinionibus
455 1229 720 1295 concurrentibus,
740 1229 877 1301 quamvis
896 1229 998 1300 opinio
1011 1228 1067 1284 tni·
1140 1227 1244 1283 tionem
1272 1229 1407 1298 concluso
1432 1231 1490 1287 bec
1513 1231 1662 1302 permittit
1680 1272 1689 1290 .
1727 1231 1809 1288 Idem
1830 1229 1934 1292 scribit

248 1319 302 1360 nus
322 1302 502 1360 tutateneri
520 1319 577 1357 non
598 1299 704 1374 pollit,
733 1303 903 1376 quoniam,
936 1312 968 1357 ut
987 1301 1067 1358 dixi·
1149 1297 1229 1356 obior
1247 1298 1545 1360 ostracon-vantur
1563 1303 1595 1358 in
1623 1321 1687 1362 ω.
1713 1303 1744 1364 5.
1764 1303 1878 1363 Tbomae
1897 1311 1933 1364 de

251 1391 331 1442 tuus,
352 1377 413 1444 sola
434 1375 623 1446 probabilitas
642 1375 751 1446 (nota,
771 1374 831 1430 sola
850 1373 1065 1445 probabilitas)
1121 1377 1281 1448 leg.·qu.a.
1301 1372 1429 1443 dicens,
1456 1379 1554 1447 legem
1574 1389 1710 1443 aternam
1728 1393 1790 1435 non
1809 1378 1931 1450 potuisse
1988 1423 1992 1430 .

251 1451 330 1506 baud
349 1448 465 1505 firmum
486 1450 591 1520 prabet
611 1447 831 1508 fundamentum
847 1445 882 1503 ad
898 1447 982 1504 licite
996 1461 1066 1518 ope·
1122 1447 1258 1505 homines
1276 1447 1410 1528 obligare
1429 1449 1465 1504 ab
1483 1462 1614 1508 aeterno:
1636 1449 1741 1526 Quia,
1763 1463 1797 1508 ut
1815 1453 1877 1521 ait,
1896 1455 1931 1508 de

251 1523 373 1580 randum
389 1541 399 1593 3
419 1533 519 1578 tamen
537 1523 638 1593 opinio
658 1523 732 1588 illa,
752 1537 813 1594 quar
832 1519 886 1577 slat
905 1537 957 1592 pro
976 1520 1065 1578 liber·
1120 1536 1231 1575 tattone
1249 1523 1325 1592 legas
1343 1521 1397 1588 eli,
1417 1535 1451 1577 ut
1464 1526 1663 1596 promulgetur
1674 1524 1807 1590 subditis
1818 1546 1833 1593 ;
1850 1526 1930 1580 nulli

250 1607 334 1663 tate,
354 1611 419 1652 cum
441 1597 544 1669 aquali
564 1597 695 1667 potiatur
714 1594 996 1666 probabilitate,ac
1015 1609 1068 1662 op·
1119 1607 1215 1647 autem
1230 1592 1352 1660 funum
1368 1593 1484 1660 subditi
1503 1597 1539 1650 ab
1557 1611 1685 1657 arnna.
1724 1596 1808 1654 Idem
1828 1597 1931 1654 scribit

251 1669 375 1740 potita,
403 1667 537 1740 qun-slat
558 1686 616 1741 pro¹
633 1673 727 1740 lege,
758 1683 850 1740 grave
870 1667 988 1740 quidem
1011 1667 1067 1734 ἰτττ-Ι
1119 1663 1263 1723 P.G0net
1283 1666 1368 1741 clyp.
1387 1669 1422 1722 de
1441 1669 1498 1740 leg.
1518 1668 1557 1726 D.
1571 1685 1597 1727 a.
1617 1683 1674 1725 art.
1688 1685 1714 1728 a.
1734 1668 1836 1742 Legem
1852 1685 1931 1726 aeter·

250 1743 349 1799 mittit
368 1742 511 1809 dubium,
542 1759 578 1798 atr
598 1739 702 1798 exiliat
720 1743 793 1808 lert,
823 1757 885 1814 qua
919 1738 1063 1797 cilionem
1118 1757 1185 1793 nam
1205 1738 1311 1806 defeblu
1325 1740 1570 1813 prantulgationls
1587 1761 1641 1797 non
1664 1741 1784 1815 potuiffe
1802 1741 1929 1814 obligare

250 1815 439 1888 probibeat3
471 1831 505 1872 ac
533 1815 655 1887 proinde
681 1813 858 1871 sufficienter
878 1815 1066 1888 prbmulgata
1119 1825 1267 1868 creaturas
1296 1815 1333 1868 ab
1362 1829 1485 1871 eterno.
1523 1813 1607 1871 ldem
1640 1815 1740 1874 scribit
1769 1815 1933 1873 Loticbius

252 1890 373 1944 minime
394 1887 454 1946 dici
473 1885 586 1959 potesi;
604 1887 750 1960 ideoque,
770 1888 839 1943 dunt
860 1903 895 1942 eo
913 1885 979 1943 casu
1000 1902 1066 1958 pro·
1119 1881 1368 1952 Tbetaarsvert.
1397 1885 1462 1944 Lex
1488 1905 1566 1944 num.
1583 1888 1611 1946 6.
1638 1886 1811 1945 Hominibus
1834 1903 1932 1944 autem

250 1965 382 2032 mulgata
401 1976 460 2018 non
479 1956 537 2030 est,
556 1961 659 2036 nequit
678 1961 836 2031 obligare3
866 1971 950 2016 tanto
972 1959 1065 2030 magis
1118 1957 1134 2027 (
1154 1960 1203 2014 lex
1222 1968 1332 2014 aetema
1352 1959 1601 2033 )promulgatur,
1628 1965 1743 2034 quando
1761 1959 1806 2017 er'r
1824 1961 1933 2019 innote-

252 2036 332 2110 quod
352 2037 400 2091 lex
419 2035 533 2092 incerta
559 2047 622 2092 non·
647 2031 740 2106 potesi
766 2045 877 2090 certam
905 2033 1066 2103 obligatio·
1110 2031 1196 2098 scit.
1232 2029 1315 2088 Idem
1336 2032 1542 2104 inquitetiam
1562 2033 1933 2094 acerAdrersatiusmeus

252 2125 319 2164 nem
342 2109 508 2166 inducere.
546 2107 586 2164 Et
605 2109 666 2164 baec
685 2105 725 2164 esi
745 2106 888 2164 sententia
918 2104 956 2166 D.
976 2106 1066 2164 Tho·
1117 2104 1152 2162 P.
1175 2105 1332 2170 Patuzzius
1359 2106 1389 2160 in
1415 2103 1466 2162 sua
1485 2105 1638 2178 Theolog.
1665 2106 1780 2165 Morali
1811 2111 1846 2164 de
1875 2111 1933 2183 leg.

251 2198 325 2250 rna,
345 2197 432 2254 quam
455 2195 510 2258 ego
529 2181 663 2312 legunt,
691 2179 799 2252 &quae
818 2191 900 2236 certa
921 2180 994 2236 mibi
1016 2196 1065 2251 ap·
1118 2193 1179 2258 as.
1209 2197 1237 2236 n.
1249 2195 1279 2248 7.
1297 2177 1489 2260 Consentiunt
1506 2179 1623 2260 quidem
1640 2197 1750 2249 omnes,
1765 2187 1935 2254 prouulga-

252 2267 335 2328 puret
362 2267 425 2311 tum
453 2255 490 2310 ob
518 2271 551 2310 au
582 2254 723 2312 oritatenr
751 2253 1001 2324 Tbeologorum,
1033 2263 1066 2308 υτ
1118 2266 1223 2326 tionem
1242 2251 1291 2318 effe
1308 2253 1646 2320 ommnoneceffarram,
1675 2270 1708 2310 ut
1727 2254 1934 2312 lexoirtutrm

253 2327 444 2395 videbimus,
474 2338 562 2400 atque
591 2329 712 2387 Patruus
745 2327 759 2399 (
783 2342 906 2401 qttorutn
927 2325 1065 2385 dolirinae
1118 2322 1271 2395 obligandi
1286 2325 1430 2382 obtineat.
1460 2323 1728 2400 Mirabiturguis,
1750 2343 1797 2385 me
1813 2327 1933 2386 studuis-

251 2401 401 2458 obseruari
420 2399 532 2472 possunt
551 2401 581 2458 in
610 2397 745 2474 pradilia
773 2399 996 2460 Dissert.'num.
1021 2417 1065 2457 rr.
1118 2397 1146 2452 se
1167 2394 1422 2456 totnubioritates
1450 2398 1499 2456 bic
1527 2415 1690 2471 congerere
1718 2401 1755 2458 ad
1783 2403 1859 2457 hanc
1882 2403 1934 2458 do-

254 2480 343 2533 (rar.
363 2473 443 2534 Vide
460 2471 549 2532 eti'atn
567 2471 728 2533 Cbtislian.
742 2474 858 2545 Lupum
878 2490 975 2534 tunt.
995 2473 1066 2540 Dis-
1118 2467 1241 2526 birinanr
1263 2470 1472 2542 probandam,
1503 2489 1566 2545 qua
1586 2489 1604 2530 a
1623 2475 1743 2531 nemine
1762 2475 1792 2532 in
1813 2475 1933 2532 dubium

248 2551 321 2618 sert
340 2550 374 2602 de
392 2547 454 2614 Usu
465 2549 590 2614 sentent.
605 2548 722 2622 probab.
742 2548 791 2602 ubi
812 2547 947 2616 congerit
967 2549 1065 2622 plures
1117 2557 1276 2600 revocatur
1294 2565 1307 2612 ;
1333 2543 1382 2600 sed
1401 2544 1497 2601 meld
1518 2545 1617 2601 secisse
1637 2546 1731 2613 sciat,
1751 2549 1821 2619 quia
1840 2549 1877 2603 ab
1896 2565 1932 2606 ea

250 2623 374 2680 Parrum
396 2618 586 2678 tutioritates
607 2625 640 2695 ),
665 2633 728 2676 tunt
749 2622 787 2675 ob
808 2621 938 2678 tationes
959 2620 1065 2678 intrin·
1117 2615 1357 2674 sententienreae
1373 2614 1500 2672 firmitas
1517 2617 1645 2686 pendet,
1666 2633 1770 2689 nempe
1789 2619 1869 2692 quod
1882 2621 1931 2678 lert

252 2697 354 2761 secas,
373 2709 435 2768 quae
454 2709 512 2752 non
534 2693 592 2767 jam
615 2695 720 2752 fucatae
740 2694 823 2761 sunt,
854 2693 902 2750 sed
924 2707 1011 2752 certae
1030 2711 1064 2753 ac
1116 2689 1206 2747 dubia
1224 2706 1283 2746 uon
1301 2689 1440 2759 obligat,
1460 2699 1493 2746 ut
1512 2689 1589 2746 infra
1607 2688 1795 2760 ridebimus,

251 2767 425 2834 euidentes,
443 2778 475 2830 ut
497 2765 759 2825 demonstrabitur.
1047 2813 1053 2828 .
1157 2765 1252 2829 Porro
1281 2763 1310 2821 S.
1328 2763 1360 2819 T
1360 2764 1430 2820 bom
1452 2779 1465 2819 s
1484 2762 1515 2819 id
1535 2776 1567 2821 ut
1586 2775 1698 2822 certum
1729 2765 1839 2823 babens
1856 2768 1935 2826 hanc

291 2841 520 2912 Theologorunr
542 2839 682 2913 Princeps
706 2840 743 2901 D.
763 2841 901 2901 Thomas
923 2863 949 2905 t.
970 2862 996 2904 2.
1016 2861 1066 2919 qu.
1118 2836 1328 2912 oppositionem
1351 2835 1399 2905 sabi
1437 2835 1933 2914 iicit1.2.q.90.arr.4.ad1.

253 2934 302 2987 90.
324 2927 378 2971 art.
393 2934 417 2971 1.
438 2913 474 2969 fic
494 2913 601 2972 docet:
622 2912 683 2971 Lert
703 2919 832 2986 quedam
844 2922 945 2989 regula
962 2920 1016 2987 est,
1036 2921 1067 2973 (t
1119 2914 1178 2972 lert
1199 2912 1349 2969 naturalis
1366 2911 1493 2969 maxime
1508 2914 1593 2972 babet
1610 2914 1750 2970 rationem
1767 2916 1842 2989 legis
1850 2936 1864 2983 ,·
1878 2918 1935 2982 sed

255 2990 387 3055 mensura
407 2986 535 3055 adrium,
556 2988 715 3055 secundum
733 3006 820 3060 quam
838 2990 991 3049 inducitur
1009 2989 1067 3047 ali·
1119 2992 1167 3046 lert
1187 2985 1336 3043 naturalis
1356 3004 1415 3068 'non
1441 2984 1556 3059 indiget
1580 2986 1841 3060 promulgatione,·
1870 3008 1935 3045 ero

257 3062 323 3132 quis
341 3062 381 3117 ud
400 3063 560 3131 agendum,
580 3063 630 3115 vel
649 3064 685 3117 ab
695 3066 806 3134 agendo
824 3064 1003 3132 retrahitur,
1023 3063 1068 3118 di·
1120 3081 1173 3118 non
1192 3060 1228 3129 est
1248 3060 1281 3113 de
1300 3074 1412 3115 tattone
1438 3060 1514 3132 legis
1540 3064 1615 3133 quod
1630 3065 1854 3135 promulgetur.
1893 3010 1935 3120 ἔτ

258 3134 336 3190 citur
356 3133 431 3188 eninr
442 3130 501 3189 Len
521 3154 540 3187 a
560 3132 702 3205 ligando,·
721 3135 791 3205 quia
804 3136 915 3210 obligat
929 3140 970 3193 ud
982 3156 1068 3213 agen·
1122 3134 1159 3191 fic
1181 3132 1353 3205 respondet:
1372 3132 1537 3190 Dicendum
1556 3136 1631 3205 quod
1648 3136 1843 3208 promulgatio
1860 3136 1936 3211 legit

257 3210 352 3264 ditm.
393 3206 473 3263 Hinc
502 3206 686 3280 prosequitur
713 3206 741 3265 S.
760 3204 871 3265 Dolior
899 3210 935 3266 ad
964 3212 1070 3267 docen·
1124 3224 1234 3289 natura
1252 3206 1342 3287 estex
1363 3206 1413 3288 boc
1431 3206 1513 3279 ipso,
1532 3208 1779 3290 quodDeueeam
1796 3212 1938 3267 mentibus

258 3281 349 3345 dum,
369 3278 447 3352 quod
469 3280 529 3336 haec
550 3282 653 3351 tegula
672 3280 697 3335 dt
716 3282 869 3349 mensura,
887 3296 920 3339 ut
941 3284 1071 3341 homini·
1123 3281 1266 3336 bominum
1284 3283 1408 3346 insermt
1426 3284 1604 3336 naturaliter
1620 3284 1854 3355 cognoscendam.
1888 3282 1937 3340 Id·

258 3353 310 3409 bus
331 3353 524 3423 applicetur,
556 3350 583 3408 dt
611 3350 663 3423 ipsi
683 3355 719 3410 sd
748 3370 813 3410 earn
836 3356 1006 3413 servandam
1028 3370 1072 3412 te·
1124 3369 1181 3427 que
1202 3351 1312 3432 clarius
1331 3352 1506 3431 explicando
1525 3352 1645 3423 Sylvius
1665 3355 1711 3408 ait
1741 3372 1804 3411 1.2.
1832 3372 1937 3426 queo.

259 3439 410 3494 neantur,
440 3424 526 3483 debet
546 3424 591 3481 eis
611 3429 847 3497 promulgatione
867 3428 1043 3486 manifestari
1064 3470 1072 3486 .
1125 3441 1183 3483 art.
1195 3444 1224 3496 4.
1251 3441 1283 3479 tn
1298 3424 1348 3491 fin.
1369 3424 1532 3479 Attuaurer
1549 3439 1618 3479 tune
1636 3424 1791 3497 unicuique
1819 3430 1834 3500 (
1855 3430 1938 3511 lex)

261 3498 341 3566 Len,
361 3502 402 3555 ait
417 3499 542 3563 ibidem,
566 3498 724 3571 imponitur
743 3499 816 3557 aliis
831 3514 884 3572 pet·
902 3506 1015 3559 modum
1032 3520 1074 3559 re·
1121 3500 1348 3571 promulgatur,
1366 3499 1481 3576 quando
1500 3496 1687 3567 cognitionem
1705 3520 1725 3555 a
1743 3500 1804 3556 Deo
1827 3500 1939 3575 accipit

258 3576 335 3645 gulae
356 3578 385 3629 (t
405 3575 537 3641 mensure
549 3592 561 3638 ‚·
588 3576 688 3644 regula
708 3589 804 3629 autem
824 3577 853 3631 so·
871 3574 1002 3642 mensura
1021 3573 1074 3630 im·
1127 3570 1307 3633 dillantem,
1332 3571 1405 3648 qoud
1419 3583 1512 3644 putta
1540 3572 1640 3626 reblam
1660 3573 1798 3629 rationem
1822 3576 1860 3644 fit
1879 3595 1942 3630 ant·

259 3646 379 3719 ponitur
394 3658 447 3717 per
466 3645 537 3710 boc,
558 3648 632 3715 quod
651 3647 821 3719 applicatur
839 3646 903 3714 bis,
920 3649 975 3720 qui
994 3666 1076 3721 regu·
1123 3644 1321 3721 psellendum,
1340 3644 1413 3711 quid
1428 3642 1623 3713 fugiendum.
1654 3644 1737 3701 Idem
1751 3646 1839 3704 docet
1853 3648 1942 3723 Joan·

265 3724 367 3777 lantur
385 3722 415 3775 st
433 3718 661 3783 mensurantur.
701 3719 782 3776 Unde
800 3722 840 3774 ad
858 3720 907 3777 boc
935 3725 1009 3791 quod
1028 3725 1076 3777 lert
1128 3732 1180 3773 nes
1199 3712 1323 3773 Gerton.
1344 3716 1379 3768 de
1398 3712 1469 3769 Vita
1482 3714 1558 3786 spir.
1579 3720 1635 3774 etc.
1664 3716 1736 3777 Lett.
1747 3738 1773 3777 2.
1803 3721 1939 3792 col.176.

266 3792 407 3849 virtutem
426 3789 577 3861 obsrgandi
596 3791 723 3849 obtineat
751 3794 856 3864 (quod
874 3793 909 3861 esi
951 3793 1077 3866 roprinm
1129 3790 1189 3845 Lex
1209 3788 1263 3856 alla
1282 3786 1317 3855 est
1336 3789 1641 3869 quedam'declaratio
1659 3808 1794 3848 mearunt
1813 3794 1942 3849 rationa-

267 3862 342 3936 legir
360 3866 375 3937 )
395 3877 519 3935 oportet,
539 3867 614 3934 quod
634 3868 799 3937 applicetur
817 3806 1002 3934 bominiius,
1026 3865 1079 3937 qui
1129 3865 1156 3921 li
1171 3861 1272 3930 fabia,
1287 3872 1444 3941 perfluant
1463 3864 1523 3917 rlla
1540 3864 1698 3933 cognoscit,
1718 3863 1792 3933 quid
1807 3864 1887 3919 Deus
1907 3868 1943 3920 de

263 3938 420 4006 licendum
451 3954 513 3991 eam
540 3939 670 4009 regulari
696 3939 822 3995 debent.
862 3938 953 3992 Talis
983 3954 1078 3994 autem
1132 3934 1217 3994 certis
1237 3935 1319 3989 rebus
1333 3936 1480 4007 judicat,
1509 3936 1550 3990 ad
1576 3953 1651 4004 quas
1675 3939 1724 3990 nel
1747 3938 1943 4006 prestantur,

268 4009 479 4141 illiniti:
494 4009 806 4161 i‘i.bl5.’...i}bi.ii
831 4010 1079 4155 ’'sintela''
1131 4004 1670 4141 stetistisits..‘t.”‘stst.
1686 4008 1944 4156 blesilla·

268 4156 351 4228 patio
370 4156 434 4229 ipsa
454 4155 605 4223 necessaria
623 4154 658 4222 esi
678 4156 719 4211 ad
735 4154 802 4223 boc,
823 4160 898 4228 quod
917 4159 965 4214 lex
977 4158 1082 4215 babeat
1128 4158 1170 4211 -de
1189 4158 1244 4225 leg.
1273 4167 1343 4224 pag.
1361 4154 1425 4225 386.
1444 4168 1456 4203 .·
1484 4151 1734 4231 Quemadmodum
1750 4157 1946 4228 promulgatio

265 4238 352 4297 tharm
372 4230 532 4293 virtutem.
1130 4230 1170 4297 est
1191 4225 1350 4305 intrinseca
1367 4228 1396 4280 (t
1416 4224 1569 4290 effentralrs
1587 4226 1721 4283 burnonis
1740 4229 1853 4301 legibus
1871 4266 1880 4296 ,
1904 4230 1946 4300 fic·

305 4304 393 4373 ¹Qttod
413 4316 509 4361 autern
532 4302 580 4358 lert
595 4314 723 4375 nequeat
741 4302 1083 4377 subditosobllringere,
1135 4301 1259 4359 rationis
1275 4298 1443 4373 judicium,
1463 4302 1494 4356 st·
1512 4316 1543 4355 co
1563 4298 1637 4354 nitio
1654 4300 1813 4369 intrinseca
1830 4302 1866 4370 ell
1888 4302 1948 4377 legi

271 4376 323 4433 nili
345 4378 386 4432 eis
407 4376 667 4447 stpronrulgnta‚
691 4374 960 4449 esiaxrotnaapud
981 4394 1085 4437 ornnes
1137 4391 1276 4431 natura.
1315 4372 1590 4450 Quapropter'rne
1611 4372 1733 4430 rationis
1753 4374 1892 4446 judicio,
1923 4375 1951 4432 ἃ

273 4464 456 4521 compertum
478 4468 485 4502 t
516 4446 605 4519 Leges
624 4465 692 4505 trine
710 4450 921 4518 instituuntur,
942 4472 1004 4510 cunt
1020 4466 1085 4523 pro·
1136 4446 1309 4515 cognitione
1329 4447 1412 4501 nullo
1431 4446 1520 4501 modo
1538 4442 1639 4502 existit
1654 4450 1856 4519 promulgatio
1873 4448 1949 4521 legis

273 4528 473 4595 mulgan'rur,
504 4521 606 4578 scribit
626 4520 786 4580 Gratianus
817 4526 847 4579 in
877 4524 953 4581 Can.
971 4526 1004 4579 ln
1024 4524 1087 4591 istis
1138 4518 1308 4575 sufficientis
1330 4517 1368 4573 ad
1386 4514 1602 4587 obligandum.
1761 4563 1765 4569 .

275 4596 340 4664 dili.
358 4616 386 4667 4.
407 4594 500 4653 Ratio
524 4609 605 4667 patet
626 4598 694 4669 quia
723 4600 770 4653 len
800 4609 915 4653 tanturn
936 4600 965 4652 in
985 4608 1086 4651 mente
1177 4592 1240 4649 Lex
1260 4606 1331 4671 veto
1349 4601 1383 4644 υτ
1401 4591 1513 4659 obliget
1534 4604 1594 4644 non
1609 4602 1725 4649 tantum
1737 4594 1951 4665 promulganda

276 4670 456 4739 legislatoris
477 4686 596 4727 manens
609 4687 667 4727 non
687 4670 745 4736 est,
765 4668 817 4726 nib
831 4686 910 4725 ruera
924 4670 1087 4739 cogitatio,
1138 4662 1198 4728 eil,
1218 4663 1266 4719 sed
1285 4674 1376 4742 ettam
1396 4662 1611 4733 promulganda
1630 4677 1663 4720 ut
1678 4676 1792 4723 certa.
1831 4667 1872 4724 Et
1893 4670 1951 4727 boc

276 4742 332 4798 sit-e
352 4744 480 4798 intentio
501 4742 694 4801 conilituendi
717 4746 837 4813 legent,
855 4748 912 4795 non
927 4758 999 4797 vero
1019 4757 1087 4797 con·
1140 4734 1274 4807 publium
1295 4732 1421 4789 firmtter
1435 4732 1474 4791 est
1492 4736 1543 4791 hic
1556 4734 1757 4805 statuendum,
1778 4739 1903 4815 ideoque
1921 4743 1954 4800 itt

272 4812 387 4873 otrtnto
407 4818 505 4887 tegis,
524 4835 586 4943 aaa
605 4816 732 4872 subditos
751 4814 864 4883 obliget
876 4854 894 4870 .,
916 4813 996 4871 tritta
1018 4810 1085 4871 ao.
1138 4827 1175 4868 eo
1194 4806 1401 4880 perpendendo
1420 4807 1533 4867 diutius
1552 4826 1611 4869 non
1631 4807 1736 4869 smera
1754 4813 1953 4882 immorabor,

276 4888 399 4947 Thomu
419 4892 464 4945 lex
485 4889 519 4943 de
544 4891 644 4944 nitur:
668 4888 810 4965 Quadam
830 4884 953 4943 rationis
970 4886 1086 4945 ordina·
1138 4886 1403 5010 complutaopus
1422 4879 1456 4938 srt
1477 4883 1527 4940 bic
1545 4894 1703 4966 repetere,
1722 4902 1784 4961 quat
1806 4888 1864 4959 jatn
1885 4889 1987 4945 alibi·

279 4962 321 5017 tio
341 4966 380 5017 urs
401 4966 499 5016 bonurn
519 4980 660 5017 commune
675 4962 883 5032 promulgata.
916 4978 978 5017 1.2.
999 4978 1086 5031 q.90.
1139 4957 1258 5026 scr1p13
1278 4971 1358 5011 emm
1379 4971 1452 5012 vero
1472 4972 1510 5013 etc
1540 4957 1743 5028 hujuscemodi
1763 4960 1956 5019 fundamento

279 5050 373 5101 art.4.
393 5032 480 5087 Nulli
500 5031 640 5097 dubium,
660 5048 692 5089 ut
712 5032 1087 5092 scribrtFranciscusHen-
1139 5028 1311 5086 firmitatem
1343 5029 1444 5086 haurit
1461 5028 1555 5088 nostra
1584 5032 1955 5104 sententia,nempenon

279 5120 318 5161 nn
338 5106 418 5161 trabi.
439 5108 472 5158 de
492 5105 547 5172 leg.
573 5107 651 5175 quod
671 5106 872 5177 promulgatio
893 5104 924 5160 stt
943 5106 979 5161 de
999 5104 1088 5161 essen·
1139 5100 1218 5173 posse
1238 5103 1331 5169 legent
1350 5104 1493 5161 incertam
1512 5117 1624 5163 certam
1636 5105 1848 5175 obligationem
1861 5107 1958 5178 impo-

245 5202 248 5209 ·
279 5181 324 5237 tia
345 5178 445 5251 legis;
477 5192 542 5231 nunt
564 5188 595 5233 ut
617 5176 692 5235 reete
725 5180 767 5239 alt
786 5178 1090 5239 Ludovicusllabett
1141 5192 1239 5235 aete.
1262 5174 1399 5237 Ducimur
1411 5178 1523 5252 igitur,
1543 5180 1692 5237 neminem
1710 5176 1748 5236 ad
1764 5178 1894 5256 aliquam
1917 5184 1959 5237 le·

1854 5270 1923 5328 gem
