4425 5750
601 282 693 385 Cap.
722 282 752 364 l.
781 226 838 365 De
863 286 1049 390 Praecepto
1075 276 1223 364 ottavo
1250 274 1349 359 Dub.
1376 276 1426 359 ll.
1709 237 1713 246 ¹
1760 290 1836 387 485

216 408 305 483 ferite
321 409 448 471 moriat
466 410 664 483 dimr'nur'tur,
680 416 813 491 proferat
831 418 946 492 aliquis
961 431 1027 493 pro·
1078 410 1180 485 Μαι
1197 412 1250 472 lii.
1270 429 1297 472 2.
1317 433 1343 473 c.
1362 426 1410 472 tr.
1428 431 1506 473 num.
1527 428 1572 484 ςς.
1600 410 1636 474 Ρ.
1654 410 1786 475 Naum.
1815 422 1837 476 l.
1858 436 1886 479 a.
1948 447 1952 455 ¹

215 502 283 563 pter
301 488 424 561 aliquod
442 488 542 546 ionum
561 490 760 559 nereffarr‘um,
781 490 888 549 debitis
906 491 1027 551 circum-
1079 490 1116 543 ὅθ
1134 486 1210 557 Rest·
1228 502 1293 561 cap·
1314 507 1343 559 4·
1361 494 1468 562 &13¹6
1487 486 1625 549 Mouet.
1642 499 1719 548 8⁰02.
1734 504 1883 566 peceat·

212 561 332 633 stanriis
354 562 531 631 observetis,
552 582 605 620 non
625 566 659 633 ιβ
675 578 847 637 peccorum,
868 580 1026 641 nepuepm·
1078 560 1166 621 Cone.
1186 578 1225 622 to.
1244 581 1272 633 4.
1289 575 1362 637 pag.
1381 564 1448 636 627.
1475 580 1553 619 num.
1575 564 1620 620 i8.
1650 562 1704 635 (dt
1732 568 1888 635 probabile

220 636 256 706 ejl
277 634 339 693 rlici
358 637 513 697 derrailr'o.
532 636 613 695 Hinc
632 639 792 697 dicendum
812 656 878 697 curn
892 641 927 701 P.
939 643 1026 703 Cone.
1080 635 1298 711 putaettlalm.
1317 649 1381 709 cap.
1401 653 1427 706 ς.
1447 653 1524 693 eum.
1538 638 1610 709 ⁶5·)
1630 638 1736 697 dicunt
1757 639 1835 711 polle
1856 652 1887 699 te

215 710 325 785 adzo.
344 730 431 781 n.17.
453 714 563 769 Toum.
578 726 599 772 t.
616 730 641 771 r.
657 726 689 787 p.
700 730 765 788 372.
797 714 876 787 posse
897 715 1028 775 revelari
1081 714 1218 769 revelare
1237 711 1275 769 ad
1302 710 1510 784 quodcumque
1529 721 1621 794 tuum¹
1635 728 1726 782 grave
1746 712 1889 773 damnum

220 784 337 842 crimen
356 788 481 843 alteriue
502 786 527 844 I.
551 796 582 843 ut
604 791 755 857 protimus
774 790 1031 860 emendetur,de-
1082 786 1264 854 vitandum,
1283 786 1354 859 quia
1374 786 1447 843 licet
1467 800 1639 855 peccaveris
1667 788 1812 845 notitiam
1843 806 1892 848 ac-

222 858 345 917 ferendo
364 860 440 917 illud
480 862 582 929 udici,
604 874 655 919 aut
677 864 805 921 Praelato
831 900 840 931 ,
870 864 1031 935 Domino,
1083 860 1241 933 timendo,
1261 862 1294 917 io
1313 860 1401 931 gravi
1418 870 1519 934 tamen
1539 856 1707 939 necessitate
1727 863 1838 931 poteris
1856 864 1894 923 it·

220 946 272 991 aut
293 932 446 998 Petenti..
482 934 507 993 1.
541 935 734 1009 addamnum
754 938 902 1008 publicum
935 944 1033 997 vitan·
1085 937 1117 994 la
1137 936 1334 1007 uti,prout,
1361 934 1497 1008 quamuis
1525 930 1631 1015 inlude
1656 934 1772 993 lutatus
1800 936 1836 993 fis
1864 954 1896 999 e-

222 1005 313 1067 dum.
334 1006 393 1069 111.
415 1010 452 1066 ad
474 1008 614 1067 tuendum
636 1012 853 1083 innocentem,
884 1026 981 1086 puta,
1011 1014 1032 1073 si
1085 1025 1203 1085 quum,
1224 1020 1308 1082 potes
1327 1020 1429 1065 tamen
1449 1007 1627 1092 adveniente
1647 1006 1817 1066 neceffitate
1840 1009 1896 1069 illo

221 1082 365 1141 innocens
385 1084 537 1142 accusetur
556 1082 594 1141 de
615 1084 802 1153 homicidio,
823 1100 907 1160 poter
940 1089 1033 1147 nini·
1085 1086 1154 1152 uti,
1173 1084 1353 1142 etiamcum
1373 1081 1634 1140 damnodomrm.
1653 1080 1738 1141 Inter
1757 1086 1811 1143 has
1830 1099 1895 1143 tara

222 1152 325 1214 lellare
344 1156 492 1217 ardorem
517 1178 531 1226 ;
559 1160 607 1215 vel
640 1161 659 1219 st
689 1161 744 1219 scis
775 1162 871 1219 furem
892 1162 1031 1221 habitare
1084 1160 1186 1217 retias
1198 1157 1386 1241 [ementium
1413 1154 1491 1213 mihi
1521 1156 1616 1228 magle
1643 1157 1756 1220 arridet
1782 1160 1899 1218 senten·

223 1245 292 1288 cum
312 1230 374 1289 alio
392 1230 574 1306 ignorante,
594 1248 680 1306 potes
700 1250 766 1292 enm
789 1238 977 1306 certiorare,
997 1248 1032 1295 ut
1085 1234 1132 1291 tia
1151 1232 1279 1308 Lagonia
1306 1231 1348 1290 D.
1378 1250 1424 1303 ¹4·
1453 1249 1482 1291 n.
1504 1248 1570 1290 tot.
1598 1230 1716 1307 (quem
1736 1233 1896 1308 lequuntur

224 1302 274 1361 tibi
296 1318 426 1377 caveat,
447 1309 670 1370 traconem.
693 1310 745 1370 cir.
774 1310 885 1371 Toum.
913 1324 946 1387 p.
969 1328 1034 1387 373.
1086 1306 1179 1366 Groier
1200 1307 1254 1365 lii.
1276 1319 1303 1382 3.
1318 1319 1401 1380 part.
1421 1323 1449 1365 a.
1468 1324 1547 1364 num.
1567 1306 1807 1384 1233.Tournely
1823 1321 1895 1383 pag.

224 1374 305 1452 Lago
323 1379 365 1439 D.
386 1399 430 1454 ¹4·
451 1400 528 1440 aum.
547 1398 597 1453 95.
616 1386 648 1443 e
667 1384 1035 1461 Salm.tr.13.e.4.n.64.
1087 1398 1157 1515 3303ς
1177 1384 1209 1439 e
1226 1381 1330 1467 ¹Sporer
1355 1382 1392 1436 de
1410 1382 1438 1437 8.
1457 1378 1548 1439 Prae.
1578 1394 1645 1454 cap.
1664 1400 1693 1453 4.
1723 1401 1800 1441 num.
1819 1386 1897 1457 46.)

223 1468 290 1509 cum
311 1452 396 1525 Sero,
415 1458 554 1515 Bene&
575 1460 654 1532 Tap.
675 1476 712 1517 ct
732 1460 760 1520 S.
772 1460 903 1529 Basilio,
931 1462 1035 1535 quiin
1156 1468 1187 1514 et
1204 1458 1259 1517 lna
1279 1470 1402 1525 magnus
1420 1452 1633 1539 Theologus„
1652 1468 1683 1540 te
1701 1470 1760 1541 noo
1788 1457 1898 1541 polle,

223 1526 332 1601 iterat.
351 1532 429 1589 brev.
448 1530 550 1590 interr.
570 1550 614 1603 ις.
636 1535 699 1603 ait,
722 1535 794 1593 bene
813 1536 890 1607 polle
919 1534 1036 1591 crimen
1089 1531 1272 1603 generaliter
1290 1528 1440 1601 loquendo
1454 1564 1480 1597 ,ι
1495 1532 1542 1587 uti
1571 1542 1683 1588 notitia
1707 1533 1762 1589 tila
1794 1530 1898 1604 inpelle

223 1602 374 1671 revelari,
394 1604 512 1680 quando
531 1602 681 1663 neceffirre
703 1608 816 1676 poscit,
845 1618 879 1663 ut
899 1609 1035 1678 periculo
1087 1616 1211 1675 accepta
1230 1620 1297 1659 cum
1316 1601 1441 1688 alteriue
1458 1601 1597 1671 damno,
1623 1605 1662 1659 ob
1688 1606 1900 1739 quodcumaue
1952 1678 1960 1689 Ι

224 1678 394 1733 coniulrtur
413 1681 601 1751 aliquorum.
633 1676 690 1738 tv.
713 1677 836 1737 Addunt
864 1678 946 1753 augo
965 1682 987 1738 l.
1007 1698 1032 1738 c.
1086 1678 1331 1735 damnationum
1350 1673 1571 1747 effugiendum.
1592 1678 1712 1746 Ratio,
1730 1695 1801 1753 quta
1820 1698 1838 1739 a
1866 1681 1901 1739 io

138 1792 141 1799 .
225 1764 331 1807 mira.
353 1750 462 1809 Taarn.
482 1755 503 1811 l.
525 1770 551 1812 c.
573 1752 678 1811 Bonae.
695 1766 727 1827 p.
747 1756 775 1811 8.
795 1773 823 1813 n.
846 1774 873 1813 r.
890 1757 921 1812 (a
940 1754 1033 1814 Salm.
1086 1750 1213 1825 injusta,
1234 1768 1293 1830 qua
1312 1763 1346 1810 tu
1365 1751 1509 1812 secretum
1532 1751 1696 1823 accepisti,
1725 1753 1839 1824 obligat
1866 1766 1899 1813 te

225 1822 249 1879 l.
261 1838 287 1881 c.
306 1841 371 1879 cam
388 1824 524 1884 aliisrir.
543 1827 623 1900 qnod
644 1828 838 1901 unusquitqie
859 1829 898 1884 ad
916 1828 1035 1885 evitan-
1086 1828 1124 1884 ad
1142 1826 1323 1898 restituenda
1340 1827 1442 1883 omnia
1460 1825 1569 1884 damna
1588 1838 1708 1899 propter
1727 1829 1812 1885 illam
1834 1847 1903 1901 pm·

224 1892 296 1951 dum
316 1912 407 1967 grave
426 1899 567 1955 damnum
589 1900 662 1969 lui,
689 1906 738 1957 vel
759 1904 908 1967 eliorum,
941 1900 1033 1957 etiam
1087 1899 1171 1956 nimo
1192 1901 1379 1958 obventura.
1400 1895 1496 1955 Prout
1513 1900 1581 1957 casu
1598 1916 1663 1975 quo
1682 1902 1801 1959 debitor
1819 1902 1901 1962 elliu

224 1965 257 2025 in
277 1968 361 2025 bonis
380 1972 525 2041 senune,
547 1974 630 2030 licite
650 1970 744 2045 potest
763 1974 904 2045 detegere
936 1988 1034 2046 grave
1086 1985 1223 2032 extrema
1242 1975 1292 2030 vel
1312 1972 1398 2044 gravi
1417 1971 1603 2031 necellitatte
1615 1990 1680 2054 pon
1700 1987 1821 2034 tenetur
1850 1996 1899 2034 re-

224 2042 338 2099 crimen
358 2046 508 2117 alteriur3
527 2046 617 2103 medo
638 2064 696 2105 non
716 2048 852 2105 intendat
882 2048 969 2105 illum
990 2048 1035 2105 in·
1088 2044 1229 2115 stituere,
1248 2046 1363 2105 etiamsi
1383 2045 1518 2105 creditor
1537 2049 1640 2105 eadem
1660 2046 1830 2109 necestitate
1859 2054 1902 2111 la·

224 2116 359 2186 famare,
391 2118 439 2177 sed
460 2120 599 2179 damnum
620 2122 794 2195 proprium,
824 2121 874 2180 tel
903 2120 1033 2179 alienum
1085 2122 1190 2190 buret,
1209 2133 1243 2178 ut
1260 2120 1390 2178 diximus
1405 2134 1428 2195 p
1476 2139 1525 2193 99.
1544 2138 1582 2181 tt
1601 2142 1700 2195 myor.
1718 2122 1775 2183 Sed
1794 2140 1900 2187 omnet

223 2190 337 2250 vitaret
359 2192 472 2253 Sufficit
489 2206 621 2265 autent,
649 2209 683 2253 ut
708 2196 849 2253 damnum
878 2196 1034 2254 vitandum
1086 2196 1182 2270 (vide
1201 2195 1266 2268 ib.)
1284 2214 1350 2253 eum
1367 2138 1516 2265 carileffi
1547 2197 1654 2281 dicunt
1678 2198 1758 2273 qued
1788 2201 1901 2261 teneris

163 2270 168 2277 '
222 2262 257 2324 srt
277 2283 396 2339 grave,
424 2272 562 2403 Quereris
595 2268 693 2346 majus
713 2269 853 2329 damnum
876 2271 1033 2331 immineat
1089 2268 1264 2339 restituere,
1284 2269 1303 2325 fi
1322 2270 1438 2342 precise
1467 2284 1587 2343 propter
1614 2275 1702 2331 illam
1730 2270 1901 2333 subtradio·

225 2340 404 2403 diffamato.
425 2362 514 2404 scus
535 2362 637 2415 vero,
670 2345 848 2404 fidamnum
879 2346 1034 2403 vitandum
1066 2345 1156 2402 “nem
1176 2345 1343 2416 proximum
1364 2345 1395 2401 in
1414 2346 1539 2403 eandem
1559 2346 1759 2405 neceffitatem
1789 2348 1902 2421 injece·

224 2412 259 2473 srt
279 2417 365 2483 leve,
388 2420 436 2477 vel
457 2424 679 2493 tergeminus.
700 2421 749 2479 lta
770 2421 861 2479 sulm.
884 2419 923 2479 la.
943 2436 970 2477 n.
985 2412 1036 2492 [σς.
1089 2415 1156 2501 lia.
1173 2419 1225 2479 Sic
1245 2435 1263 2478 a
1282 2420 1347 2495 pari
1364 2420 1396 2475 in
1415 2420 1485 2478 calu
1505 2416 1628 2489 nostru,
1648 2420 1734 2492 litu,
1753 2423 1899 2483 secretum

223 2508 289 2548 cum
308 2491 383 2551 Vill.
395 2493 465 2553 Dic.
476 2498 555 2569 Tap.
575 2498 649 2554 item
672 2496 756 2554 treet
765 2494 850 2565 Gens.
865 2512 909 2559 ra,
930 2510 1035 2569 n.353.
1089 2494 1274 2563 revelando,
1292 2492 1432 2553 damnum
1452 2494 1545 2554 infers
1565 2496 1654 2553 alteri
1672 2516 1690 2564 ·,
1720 2498 1833 2555 teneris
1861 2500 1900 2557 ed

224 2564 408 2628 Mazzarae.
421 2584 599 2645 2.p.442.q.
615 2590 642 2643 ς.
660 2570 687 2629 dt
707 2570 764 2627 ltoc
785 2572 854 2627 satie
882 2568 1037 2643 probabile
1089 2566 1336 2637 restitutionem,
1355 2584 1423 2626 cum
1446 2570 1597 2641 perillam
1620 2570 1838 2630 fraudulentam
1860 2575 1904 2633 se-

212 2651 297 2711 ¹puto
318 2642 620 2718 cumLugod.D.14.
639 2664 668 2704 n.
689 2648 781 2719 om&
799 2662 864 2703 ιη.
888 2644 940 2720 qui
960 2644 1037 2701 dicit
1088 2643 1166 2701 creti
1186 2640 1402 2711 extorfiooem,
1422 2644 1592 2715 proximum
1613 2643 1764 2719 conjecisti
1794 2649 1825 2703 in
1852 2664 1906 2711 rte·

224 2730 262 2773 eo
280 2716 347 2774 casu
368 2730 399 2777 te
418 2734 476 2775 non
496 2722 593 2779 tenttl
612 2736 708 2795 neque
726 2735 766 2777 ex
787 2716 919 2795 jullit'ta,
940 2732 1049 2793 neque·
1090 2714 1255 2775 castitatem
1274 2718 1337 2775 tale
1356 2718 1497 2775 damnum
1517 2719 1673 2791 patiendi.
1693 2720 1734 2779 Et
1752 2722 1905 2781 bancsen·

224 2804 262 2846 et
280 2790 431 2851 charitate
449 2794 580 2869 proximi
600 2796 713 2853 crimen
726 2795 956 2852 occultarecum
971 2810 1044 2865 graf
1093 2789 1224 2850 tentiam
1246 2802 1330 2849 terret
1349 2791 1442 2849 etiam
1461 2790 1560 2867 lapte.
1580 2796 1603 2853 l.
1617 2812 1642 2871 3.
1661 2808 1699 2855 rr.
1728 2838 1736 2853 .
1753 2808 1786 2870 p.
1797 2815 1823 2857 a.
1834 2816 1859 2857 c.
1873 2816 1901 2870 ς.

225 2862 330 2924 vituo
350 2868 478 2930 damno.
499 2870 571 2929 Non
591 2888 628 2928 ert
649 2866 783 2943 justitia,
804 2867 1037 2942 quiapreximue
1092 2887 1122 2926 n.
1138 2883 1164 2942 3.
1184 2863 1276 2926 Tune
1294 2877 1412 2926 tantum
1432 2864 1511 2926 rede
1528 2866 1692 2929 admittunt
1754 2891 1792 2944 go
1820 2891 1856 2930 err
1875 2894 1906 2936 rr.

228 2938 266 2998 ad
287 2941 395 3000 famam
417 2944 496 3003 suam
517 2961 575 3002 non
597 2945 687 3002 babet
708 2941 754 3016 luc
774 2943 818 2999 ita
836 2941 986 3010 llriclutn,
1006 2952 1040 2999 ut
1094 2957 1161 3025 130.
1182 2940 1262 3014 spor.
1289 2943 1321 2999 ot
1338 2941 1430 3000 croix
1450 2945 1538 3002 lucc.
1557 2953 1588 3001 te
1607 2941 1684 3017 porse
1704 2944 1820 3005 crimen
1841 2965 1907 3010 rna·

224 3015 399 3087 obligentur
417 3019 470 3076 alil
489 3017 527 3076 ad
546 3018 706 3091 tegendam
721 3015 902 3084 veritatem,
921 3013 1041 3091 quando
1092 3011 1228 3071 netellare
1241 3051 1255 3080 ,
1270 3015 1391 3089 quando
1409 3015 1482 3073 edet
1500 3017 1556 3074 tibi
1570 3019 1737 3090 permissum
1748 3023 1839 3080 etiarn
1853 3039 1907 3094 per

221 3102 340 3159 oportet
361 3109 427 3149 eam
448 3092 620 3163 patefecere
649 3091 687 3146 ad
718 3092 869 3160 proprium
896 3089 1037 3147 damnum
1094 3087 1157 3147 vim
1179 3099 1230 3146 aut
1249 3088 1384 3148 fraudem
1404 3089 1481 3146 illud
1501 3106 1536 3147 er
1559 3094 1679 3162 uirere,
1709 3094 1857 3154 &literas
1876 3115 1928 3156 a··

221 3161 442 3232 albigiendumr
462 3165 492 3222 si
511 3165 590 3220 enim
612 3159 721 3232 spellat
733 3162 770 3218 ad
780 3162 889 3220 bonum
904 3179 1040 3220 commu·
1096 3161 1216 3234 periret
1237 3159 1279 3220 Et
1299 3161 1381 3220 casus
1399 3161 1470 3220 ellet
1492 3179 1518 3222 t.
1560 3165 1570 3222 i
1588 3169 1739 3226 revelatio
1754 3169 1828 3227 ellat
1855 3189 1907 3230 ne·

223 3251 281 3301 nc,
301 3237 381 3319 quod
401 3237 458 3294 fine
477 3235 796 3294 sufficienticausanon
818 3233 1042 3296 manifestentur
1097 3233 1219 3294 cellaria
1237 3237 1274 3294 ad
1294 3250 1457 3295 commune
1475 3236 1584 3296 bonum
1609 3239 1700 3312 Relp.
1720 3261 1747 3301 a.
1775 3243 1806 3303 Si
1827 3247 1906 3304 alter

228 3309 357 3368 crimina
377 3313 528 3379 occulta,
559 3311 655 3384 magis
686 3307 724 3367 ad
754 3325 912 3368 commune
931 3309 1040 3368 bonum
1095 3321 1250 3368 teneretur
1269 3327 1307 3368 et
1328 3308 1439 3383 justitia
1459 3309 1602 3371 secretum
1624 3317 1778 3384 revelare,
1798 3321 1835 3375 ad
1856 3320 1907 3378 de·

228 3384 359 3457 pertinet
378 3386 606 3444 illarevelarer
627 3384 747 3460 quando
767 3385 826 3444 lroc
846 3383 887 3442 est
913 3382 1042 3442 necell'a·
1095 3399 1196 3443 ereum
1218 3396 1303 3444 tuum
1327 3386 1547 3459 reparandum.
1579 3403 1605 3464 3.
1624 3387 1655 3448 Si
1675 3387 1729 3446 ilie
1749 3390 1855 3466 injuste
1875 3405 1907 3452 te
1978 3402 1983 3408 ·

228 3455 304 3514 rium
325 3475 362 3518 ne
380 3461 432 3518 alii
452 3472 553 3520 errent
572 3475 640 3518 cum
660 3458 785 3518 notabili
806 3459 857 3516 luo
876 3457 1040 3534 dispendio.
1093 3471 1238 3520 vetaret.
1261 3461 1369 3530 Alias,
1392 3463 1544 3520 nonlicet
1574 3463 1632 3520 tlbi
1659 3465 1781 3522 alterius
1801 3469 1908 3526 litoreo

228 3531 339 3608 Neque
357 3547 476 3594 tenetur
495 3551 531 3592 ert
551 3535 722 3603 charitate,
742 3535 813 3609 quia
832 3535 967 3594 ebaritas
980 3548 1040 3592 non
1094 3535 1234 3607 aperire,
1254 3535 1290 3592 ad
1311 3536 1419 3598 bonurn
1441 3548 1525 3594 tuum
1545 3538 1779 3610 procurandum,
1800 3545 1848 3600 vel
1868 3540 1908 3600 ad

228 3607 345 3680 obligat
365 3609 747 3669 cumtantodetrimento:
779 3607 860 3666 Sicut
881 3607 960 3666 enirn
981 3624 1040 3667 non
1093 3609 1206 3666 malurn
1229 3610 1351 3685 aliquod
1368 3608 1547 3679 vitandum,
1566 3613 1636 3686 quia
1657 3612 1716 3671 boc
1745 3613 1816 3674 esset
1838 3634 1908 3675 con·

108 3701 114 3711 ·
227 3685 341 3742 teneris
360 3684 505 3760 impedire
519 3685 658 3741 damnum
672 3682 825 3756 proximi,
850 3682 903 3740 etsi
923 3683 1041 3756 majus,
1095 3695 1143 3742 rra
1164 3699 1322 3742 commune
1342 3685 1449 3742 bouum
1471 3686 1594 3744 humani
1614 3691 1789 3750 commercii
1801 3711 1816 3760 ,-
1841 3705 1909 3750 tan·
1931 3747 1936 3759 ,

224 3773 295 3890 {ll
308 3758 605 3892 {altitude
624 3759 1042 3892 ἡξ’..ἶῖἷξι’ἑὶἳῗὶὲῗ’ἕῖἱῗᾞῗ
1092 3769 1165 3890 {rb-⁰3.
1179 3757 1908 3910 {lllll‘zlllltllillt’odilla

211 3925 273 3980 ¹gc.
294 3907 335 3964 Et
355 3911 412 3966 hoc
434 3911 527 3967 ctiam
562 3909 594 3964 in
623 3850 715 3964 dubio
745 3903 781 3962 de
813 3874 966 3980 pravitate
995 3910 1041 3967 tui
1093 3874 1806 3984 c.ta.n.133.l.aym.l.3.rr.2.c.4.n:'a.Bon.
1826 3883 1908 3976 Dia:

224 3979 352 4050 damni,
373 3981 446 4059 quia
465 3984 496 4038 in
514 3981 569 4039 tali
589 3979 681 4038 dubio
698 3980 859 4038 favendum
889 3979 928 4040 est
959 3983 1042 4040 inro-
1094 3978 1906 4056 q.3.p.un.n.5.(r5alm.c.e.n.occumberem·

224 4057 305 4114 centl
320 4073 332 4125 ,·
349 4059 394 4116 uti
413 4055 622 4116 dicuanalm.
634 4056 673 4114 ib.
684 4073 749 4114 cum
760 4057 828 4114 ΛΑ.
842 4055 893 4114 cit.
904 4055 976 4115 Hec
989 4067 1041 4116 att·
1094 4059 1247 4116 maniter.
1269 4055 1320 4116 An
1338 4063 1438 4114 autem·
1455 4055 1543 4130 podis
1561 4055 1707 4118 del'eblutn
1723 4063 1910 4122 alteriusde·

223 4141 286 4188 tem
308 4133 411 4189 omnia
431 4130 654 4203 intelligenda,
686 4129 777 4187 modo
798 4145 857 4186 non
878 4129 961 4202 pellit
990 4133 1042 4191 da·
1093 4141 1223 4211 tegere,
1244 4143 1277 4188 ut
1300 4133 1353 4187 ille
1373 4131 1552 4190 excludatur
1584 4133 1621 4190 ab
1654 4133 1788 4194 amicitia
1817 4141 1911 4197 alicu·

222 4218 326 4260 meum
346 4207 434 4262 aliter
455 4208 585 4265 averti:
617 4204 657 4262 Et
680 4205 770 4262 modo
790 4221 848 4261 non
880 4205 1040 4278 amplius,
1095 4219 1160 4274 jue,
1179 4203 1206 4261 tr
1225 4215 1258 4261 tu
1278 4204 1418 4262 adillam
1443 4205 1633 4266 admittariat
1652 4209 1731 4269 Vide
1751 4209 1833 4278 infra
1854 4211 1908 4272 lib.

226 4293 281 4410 gete
302 4279 436 4412 pdluribus
445 4282 559 4410 crgmen
565 4277 808 4411 ἕκαηίἱείὶεᾝ
818 4295 905 4411 (331333Ι
905 4294 1040 4411 tgporte·
1094 4275 1370 4410 issngietgtencegffeya.
1389 4281 1465 4346 vers.
1483 4281 1534 4339 An
1552 4281 1648 4351 cirre,
1670 4284 1718 4339 ubi
1728 4283 1862 4348 dicemus
1874 4287 1908 4346 id

246 4369 706 4412 rarearanurnamnm
843 4371 971 4413 rer.
1326 4392 1335 4412 .

149 4421 209 4505 §69
263 4427 321 4487 Sed
350 4371 402 4487 hig
420 4443 527 4499 magna
546 4427 662 4502 questio
680 4371 831 4496 cederit,
860 4445 898 4486 an
927 4429 975 4486 ad·
994 4431 1040 4488 vi·
1129 4425 1327 4497 Quandonanr
1348 4437 1448 4486 autern
1468 4427 1665 4489 Secretumfit
1694 4431 1869 4494 {emendum
1892 4438 1981 4515 ,2970

219 4502 339 4565 tandum
363 4517 453 4575 grave
483 4514 566 4560 tuum
588 4502 726 4559 damnum
758 4539 768 4572 ‚
807 4499 890 4574 pollis
922 4503 1039 4562 crimen
1095 4499 1265 4560 Prenotate
1282 4511 1425 4574 oportet,
1445 4505 1525 4578 quod
1543 4503 1700 4564 secretum
1718 4505 1759 4564 tri
1782 4511 1831 4568 let
1851 4513 1908 4573 elle

219 4579 372 4637 occultum
393 4576 515 4634 alterins
536 4579 691 4644 revelare,
712 4576 730 4634 st
750 4577 890 4634 notitiam
915 4595 1039 4651 accepe·
1090 4573 1395 4648 patronaticum
1415 4577 1607 4645 lucratura,
1639 4579 1741 4638 Procri
1767 4597 1815 4642 um
1843 4625 1852 4656 ,
1881 4589 1908 4650 le

220 4649 385 4724 rislujulle
405 4653 537 4723 pervim
561 4687 571 4718 ,
603 4660 654 4708 aut
684 4651 818 4708 fraudem
842 4689 852 4720 ,
878 4665 951 4725 puta
969 4671 1039 4726 ape·
1089 4649 1307 4710 Commillum.
1328 4647 1353 4708 1.
1373 4651 1526 4716 Secretum
1548 4654 1795 4727 erseanarerae,
1816 4675 1908 4734 puta,

216 4725 321 4786 tiendo
342 4726 444 4784 literas
462 4723 540 4782 &cl
560 4723 594 4780 ln
616 4725 672 4781 bac
693 4726 791 4796 plures
819 4724 884 4785 sunt
920 4728 1036 4785 sentcn·
1091 4721 1199 4782 licasu
1219 4723 1334 4800 aliquid
1355 4726 1449 4809 selae,
1469 4725 1585 4782 servare
1606 4725 1694 4784 debes
1713 4747 1750 4786 ax
1771 4733 1910 4807 juditia,

219 4801 289 4860 tiat
311 4799 434 4858 Sorusl.
446 4814 472 4870 ς.
484 4801 518 4854 de
525 4797 601 4872 Just.
610 4815 638 4870 q.
651 4815 697 4856 ro.
707 4819 736 4856 a.
746 4817 774 4856 a.
794 4799 870 4857 dicit
890 4815 949 4858 non
973 4801 1036 4873 pos·
1093 4797 1164 4856 duat
1186 4815 1224 4856 ex
1245 4797 1481 4858 manifestatione
1499 4801 1633 4872 graviter
1653 4804 1730 4860 alter
1749 4808 1908 4870 lederetur

218 4877 270 4944 se,
290 4873 404 4932 etiamst
424 4885 549 4930 mortem
572 4871 667 4930 subire
688 4869 832 4942 deberes,
851 4872 1037 4933 &suecon-
1091 4873 1122 4929 in
1143 4873 1250 4943 lama,
1269 4875 1318 4931 vel
1338 4871 1447 4945 bonie3
1470 4873 1572 4932 Neno
1591 4885 1694 4933 tamen
1715 4890 1836 4940 tenetur
1865 4887 1904 4943 il·

216 4950 309 5011 sentit
328 4947 433 5008 sanci.
452 4947 536 5014 cons.
556 4947 649 5004 l.6.c.
661 4947 769 5004 6.dub.
783 4963 810 5004 a.
822 4965 851 5006 n.
866 4951 895 5007 ό.
916 4948 1035 5010 Navae.
1091 4947 1143 5004 lud
1163 4948 1279 5007 servare
1299 4963 1366 5006 cum
1388 4949 1523 5020 periculo
1542 4951 1671 5019 mortis,
1691 4951 1742 5010 nist
1762 4955 1904 5020 damnum

216 5039 317 5086 autem
338 5021 613 5092 Man.c.18.n.54.
634 5020 709 5078 dicit
732 5035 790 5076 non
809 5021 906 5094 posse,
941 5022 1031 5083 sida·
1092 5021 1169 5080 aliae
1188 5022 1350 5080 imminens‘
1367 5021 1608 5092 meoniorum,
1636 5020 1664 5082 dc
1698 5045 1816 5098 grave.
1856 5033 1905 5096 lta

215 5115 316 5158 mnuro
337 5095 527 5169 irreparabile
549 5095 637 5152 alt-:ri
658 5099 819 5153 immineat
840 5113 877 5154 et
907 5098 964 5156 illa
985 5098 1039 5158 lrt·‘
1061 5117 1063 5124 ·
1088 5095 1195 5155 Sancb.
1215 5099 1301 5163 Cous.
1319 5097 1373 5155 Tr.
1396 5115 1422 5155 2.
1441 5117 1468 5155 c.
1477 5099 1505 5156 ό.
1527 5097 1567 5156 D.
1581 5117 1607 5159 2.
1628 5099 1723 5160 Salm.
1742 5109 1778 5160 de
1792 5105 1896 5178 Restm.

215 5173 404 5242 samatlone3
426 5170 527 5239 secus,
547 5167 565 5225 fi
586 5170 774 5242 reparabile.
796 5169 903 5230 Molin.
926 5170 967 5232 D.
982 5187 1028 5247 37.
1085 5187 1111 5228 r.
1127 5188 1155 5240 4.
1164 5189 1192 5227 n.
1206 5171 1252 5242 76.
1272 5189 1335 5228 cam
1354 5171 1425 5230 orn.
1445 5171 1538 5233 Dian.
1558 5175 1614 5232 (rc.
1628 5173 1730 5238 Trull.
1749 5178 1808 5240 Sed
1828 5183 1900 5240 vide

215 5265 294 5305 rrum.
317 5263 327 5300 r
335 5263 360 5320 3.
381 5245 480 5302 censet
498 5257 568 5302 tunc
596 5255 715 5302 tanturn
744 5241 824 5317 posse
856 5245 1026 5317 revelare,
1089 5259 1161 5300 mox
1187 5243 1311 5302 dicenda
1331 5265 1360 5304 n.
1374 5248 1437 5319 seq.

215 5319 332 5399 quando
352 5321 441 5392 longe
460 5319 557 5378 ma'ue
577 5318 792 5382 detrimentum
822 5315 881 5380 tibi
907 5319 1029 5382 timet.
1069 5360 1072 5368 η
1127 5316 1169 5380 IL
1187 5317 1341 5380 Secretutn
1369 5317 1538 5393 Promffam
1570 5325 1753 5398 regulariter
1788 5327 1907 5403 obligat
2025 5329 2028 5334 ’

290 5391 357 5470 ng.
377 5393 480 5464 Theol,
532 5391 636 5460 om.1.
716 5467 733 5478 .
1201 5477 1206 5486 Ι
1480 5393 1554 5458 Hb
1591 5414 1607 5475 3
1796 5421 1892 5480 gro.
