4425 5750
359 219 437 295 472.
673 187 759 272 Lib.
785 187 856 270 lll.
873 183 1009 270 Tra&
1033 187 1081 266 V.
1121 185 1178 268 De
1205 178 1373 285 Septimo
1397 180 1506 268 Praec.
1530 183 1657 270 Demi»
1768 175 1776 184 ⁵

299 320 369 379 ideo
400 318 472 380 Reli
497 318 641 380 iosenon
659 317 726 380 sunt
752 317 809 376 illo
834 317 1012 389 prlrasdaz
1043 317 1101 378 Uri
1152 333 1180 376 a.
1211 315 1278 374 rsus.
1308 330 1352 389 ¹3·
1383 314 1435 389 qui
1467 327 1558 372 vocat
1584 309 1745 377 commune
1771 331 1780 351 ·
1817 315 1967 386 Ratio'i

297 395 375 451 enim
392 337 580 478 (utqificitur
597 394 631 478 in
648 397 672 456 l.
689 391 782 452 litas.
807 389 902 474 {gad
927 393 950 454 s.
968 392 1100 474 Aquis.)
1153 387 1253 476 quia,
1279 403 1347 445 cum
1370 390 1508 473 volumtas
1526 387 1695 474 Tesbatoris
1723 363 1808 478 possit
1839 394 1961 477 impleri

297 471 400 525 eadem
418 472 534 528 militar
553 483 650 534 rano,
668 466 767 523 eadem
784 467 916 522 rarlrrare
946 467 1026 522 deber
1049 485 1100 542 ya-
1155 479 1185 520 tn
1206 461 1285 520 sensu
1307 477 1444 532 proprio,
1459 475 1522 521 non
1542 461 1630 520 debet
1650 465 1771 536 impleri
1792 481 1822 521 ιη
1851 483 1966 540 impro-

295 540 341 596 ris
360 541 523 615 dispofirr'o.
543 541 652 615 Neque
670 537 741 609 (ait
759 535 882 613 saeffiar)
910 538 1033 610 prefata
1050 541 1101 596 les
1154 537 1241 608 prio,
1259 553 1295 594 ee
1312 535 1453 592 clement.
1464 534 1551 615 Quia
1565 534 1709 610 contingit
1729 540 1764 593 de
1777 539 1844 596 Res.
1856 541 1964 597 donis.

294 609 452 688 justiniani
469 614 611 672 innititur
629 611 806 684 presumpte
837 613 931 670 menti
963 610 1102 670 Teslato·
1154 613 1184 668 (r
1204 627 1240 668 er
1259 607 1474 677 Tridenrdeff.
1496 624 1541 680 ις.
1562 624 1586 667 ο.
1606 609 1633 692 ⁸:
1676 609 1759 670 Sicut
1789 613 1869 668 enim
1890 631 1961 684 pro·

295 687 369 757 ris,
397 689 448 748 sed
467 688 601 748 absolute
619 688 686 744 vult
706 685 810 743 iuuere
829 685 934 756 pietati
957 722 969 752 ,
1009 686 1100 748 etiam
1154 683 1217 756 prie
1239 683 1328 740 vidue
1349 697 1407 738 non
1428 679 1488 750 eli,
1508 695 1572 756 que
1591 697 1688 742 varum
1711 683 1801 742 habet
1811 686 1965 756 inutilem,

300 773 405 819 contro
431 778 467 818 es
504 759 593 818 elsam
613 757 779 817 'senatoris
811 759 1029 830 voluntatem3
1057 760 1103 816 ita
1155 756 1202 815 sed
1220 771 1284 830 qun
1303 756 1370 813 viro
1389 766 1500 823 caret,
1539 765 1571 811 ut
1590 756 1694 813 dicunt
1722 753 1806 834 Sylv.
1825 757 1902 820 Tel.
1930 764 1964 820 d·

297 846 352 901 ur,
372 835 391 891 sa
411 834 460 892 Te
483 845 552 894 asor
573 830 746 904 expresserit
763 831 964 890 excludendas
983 831 1041 891 esse
1070 848 1102 890 u·
1154 831 1232 900 Arg.
1247 831 1328 903 apud
1346 827 1451 887 sanci.
1466 825 1568 912 'stain
1588 829 1786 889 casunoliro.
1810 831 1961 892 Attamen

296 909 374 964 ellas
393 906 585 978 Religionem
606 905 828 976 ingredientes,
854 906 924 962 tsiis
952 905 1036 978 dispo
1059 907 1103 964 tio
1155 902 1295 961 videntur
1315 917 1373 961 non
1393 899 1765 973 omninormprobabiliter
1778 917 1893 977 negare.
1907 907 1964 964 Bo·

299 981 440 1050 reriritur
458 992 601 1054 tanquam
623 979 738 1049 turpis.
756 978 844 1037 Hanc
864 977 1041 1038 sententiam
1057 995 1103 1037 re·
1155 995 1221 1034 nac.
1241 975 1282 1037 D.
1309 993 1335 1050 3.
1354 977 1459 1048 p‘ri‘st.
1479 995 1556 1033 num.
1574 995 1606 1048 p.
1623 978 1653 1034 ss
1674 973 1839 1050 Roncagsr'a
1869 983 1891 1040 s.
1910 981 1971 1042 cir.

298 1054 423 1120 probare
442 1068 501 1110 non
521 1055 643 1121 audeo,
674 1051 724 1109 sed
751 1053 846 1122 prima
873 1049 951 1111 milri
983 1052 1103 1112 videtur
1155 1049 1194 1108 R.
1213 1067 1239 1107 2.
1259 1048 1377 1116 Retio,
1396 1050 1468 1122 quia
1486 1049 1540 1115 id,
1560 1049 1634 1106 licet
1654 1063 1712 1109 non
1734 1065 1881 1121 congruat
1895 1053 1965 1112 lite·

296 1137 378 1184 certe
398 1127 612 1197 probabilior,-
642 1126 713 1200 quia
742 1125 894 1197 dispofitio
920 1125 1103 1184 Aurbenricae
1155 1124 1195 1179 ris
1214 1121 1430 1194 dispositionis,
1450 1121 1586 1190 congruit
1617 1123 1742 1192 tamen,
1774 1125 1839 1180 imo
1867 1129 1964 1200 magis

296 1201 433 1257 continet
454 1199 500 1271 jus
520 1215 655 1267 norum,
686 1199 790 1272 quod,
818 1213 885 1256 cunr
905 1200 1056 1257 exorbitet
1085 1215 1102 1257 a
1155 1195 1273 1254 recedit
1293 1195 1330 1252 ad
1350 1193 1438 1252 finem
1459 1193 1646 1264 Testatoris,
1667 1196 1859 1256 subveniendi
1892 1217 1962 1271 pau·

299 1271 364 1346 jure
384 1275 560 1342 communi,
579 1289 638 1330 non
658 1270 697 1328 eli
717 1271 938 1330 extendendum
970 1273 1006 1330 de
1034 1272 1103 1330 casu
1159 1270 1268 1342 portati
1290 1267 1442 1328 liliorum.
1462 1269 1514 1340 quii
1535 1282 1602 1324 cnm
1624 1269 1770 1330 Parentes
1791 1271 1899 1332 habent
1922 1275 1965 1329 in·

297 1347 337 1402 ad
356 1347 641 1417 casum;Maainse
660 1344 820 1419 quietalis
841 1345 971 1403 extendo
998 1345 1104 1402 redun·
1156 1343 1269 1410 utiles,
1289 1341 1457 1414 egentiores
1477 1341 1541 1398 sunt
1562 1358 1631 1399 vere
1641 1344 1804 1413 orphanis,
1825 1344 1894 1404 dum
1906 1365 1965 1404 non

297 1419 384 1478 daret
402 1419 434 1478 in
452 1420 653 1493 prejudicium
675 1420 820 1477 aliarum.
840 1417 1104 1476 Probabiliternu·
1157 1413 1251 1473 solum
1273 1413 1381 1472 debent
1401 1425 1474 1472 tunc
1495 1416 1636 1486 propria,
1657 1415 1706 1475 sed
1736 1416 1830 1476 etiam
1853 1422 1963 1478 Paren-

296 1503 359 1550 tem
378 1495 454 1554 dicit
470 1495 603 1554 Cercina
612 1510 651 1553 to.
663 1511 690 1563 7.
698 1506 771 1566 pag.
780 1493 847 1550 680.
860 1511 888 1548 n.
901 1509 946 1550 rr.
966 1490 1047 1566 quod
1062 1489 1102 1560 ,d
1157 1499 1220 1546 turn
1241 1487 1413 1560 indigentie
1432 1485 1620 1574 prouidere..
1761 1501 1764 1506 '
1967 1493 1974 1547 “.

300 1579 522 1700 nuseze
541 1567 885 1712 inmunis
898 1568 1102 1695 suns:
1155 1559 1963 1719 ..inmusulusnuslssusz

300 1711 377 1786 bus3
397 1711 450 1770 nin
468 1730 506 1772 eu
525 1709 958 1782 menteTeslatoriserpree
986 1710 1099 1784 opposr·
1156 1708 1235 1765 rint?
1256 1707 1346 1780 Resp.
1369 1707 1566 1775 affirmative,
1587 1707 1606 1765 fi
1627 1709 1662 1766 sit
1692 1711 1827 1772 relidam
1856 1717 1961 1787 puellis
2005 1743 2007 1746 ·

299 1795 363 1843 tum
381 1785 600 1860 colligeretur.
620 1786 768 1844 Proterea
786 1781 870 1841 addit
883 1785 970 1841 Βανά.
995 1784 1100 1842 dass.
1153 1780 1386 1851 determinatis,
1406 1779 1478 1855 quia
1497 1778 1678 1851 presumitur
1696 1782 1838 1845 'testator
1856 1789 1965 1848 voluis·

298 1859 624 1933 83.n.ad.rarrrasir'r,
638 1856 727 1986 ¹guod
744 1857 767 1924 fi
787 1856 928 1914 Tenstor
955 1858 1106 1931 relinquat
1158 1853 1271 1938 seipsis
1291 1853 1591 1926 omninoprovidere
1620 1855 1658 1911 ob
1680 1860 1864 1928 peculiarem
1893 1877 1963 1932 erga

297 1933 391 1990 alicui
410 1937 514 2004 puelle
533 1931 623 1992 mille.
648 1931 793 1998 rnubat,
812 1930 838 1987 ἃ
858 1940 1000 1999 centum,
1019 1930 1038 1986 ss
1059 1932 1106 1988 in·
1156 1929 1225 1986 illas
1246 1925 1405 1996 essedum,
1427 1931 1475 1984 uel
1498 1939 1530 1983 ut
1550 1928 1690 1998 nubent,
1722 1934 1771 1989 vel
1806 1945 1840 1993 ut
1870 1949 1966 2008 nupta

302 2006 460 2076 prediatus
477 2005 729 2071 Monaderium,
757 2002 902 2062 debentur
922 2001 1106 2062 Monnflerio
1158 2001 1301 2060 decenter
1320 1999 1455 2060 vivant.
1493 1999 1616 2067 secus,
1646 2001 1665 2058 ss
1694 2003 1965 2076 indeterminans,

297 2078 403 2136 omnia
422 2080 526 2149 mille,
546 2083 566 2137 fi
585 2081 644 2138 boc
664 2078 698 2136 stt
717 2075 827 2134 sosium
848 2079 879 2134 in
896 2078 999 2137 odium
1020 2076 1107 2134 steu-
1158 2076 1232 2150 quia
1250 2088 1326 2133 tunc
1342 2074 1478 2132 censetur
1497 2074 1595 2145 potius
1609 2071 1750 2134 Teliator
1770 2083 1967 2146 voluissesub·

300 2149 1025 2290 slsullzllmslis“‘lll‘¹ls.s¹¹l.⁰
1043 2167 1107 2282 ⁹23
1159 2149 1261 2278 ἴξὲῗὲξ
1281 2147 1442 2292 ”litiis
1460 2147 1684 2292 &illisis
1697 2149 1974 2286 lllllsssl.

567 2248 575 2282 ἶ
717 2261 727 2294 ,
1029 2262 1039 2292 ,
1269 2261 1277 2280 e

298 2295 1108 2374 quoddotesReligiosarumsuntminoresnubentium.
1159 2293 1298 2353 dotandis
1319 2295 1428 2366 puellis
1446 2293 1652 2365 pauperibus,
1685 2296 1759 2356 bene
1817 2299 1871 2358 ren
1901 2245 1965 2362 dpiri

338 2372 418 2433 Dub.
438 2392 465 2435 2.
487 2374 536 2432 An
556 2377 688 2448 legarunt
710 2369 846 2430 relidunt
873 2374 989 2430 civibus
1018 2372 1108 2440 loci,
1160 2368 1282 2439 nuptis;
1302 2383 1370 2426 narn
1391 2380 1462 2424 tunc
1484 2367 1653 2438 perseuerat
1674 2366 1741 2428 sinis
1793 2371 1928 2434 ellatorir
1951 2412 1962 2443 ,

303 2443 475 2516 pollindari
495 2447 674 2510 extraneis?
691 2445 891 2518 Negandum,
910 2444 962 2503 nisi
981 2442 1027 2503 isli
1046 2445 1110 2503 ani·
1159 2457 1265 2513 nempe
1285 2439 1459 2500 sublevandi
1491 2439 1617 2524 ipsarum
1646 2441 1843 2514 indigentiam
1870 2487 1881 2508 .
1917 2445 1966 2511 Ite

304 2533 389 2577 mun
410 2521 542 2580 babeant
551 2519 593 2578 ibi
603 2529 748 2593 perpetuo
761 2520 924 2588 manendi,
943 2529 1016 2578 tunc
1025 2519 1106 2576 enim
1160 2515 1360 2573 communiter
1380 2514 1485 2581 Sarcb.
1506 2515 1558 2571 sss.
1581 2531 1609 2585 7.
1629 2515 1665 2570 de
1682 2513 1779 2578 Matr.
1799 2519 1840 2578 D.
1859 2539 1907 2590 91·
1933 2541 1962 2582 n.

305 2593 345 2652 ab
363 2593 457 2654 initio
476 2609 530 2667 pro
548 2594 730 2653 naturalibus
748 2594 893 2652 habentur
902 2613 916 2663 ,·
936 2595 984 2650 vei
1001 2591 1055 2649 oin
1071 2590 1109 2648 fi·
1159 2591 1207 2664 63.
1227 2590 1316 2647 Rene.
1336 2589 1371 2644 de
1391 2585 1514 2654 Testam.
1534 2605 1559 2643 c.
1580 2604 1609 2657 7.
1627 2603 1656 2658 q.
1668 2605 1694 2672 3.
1714 2591 1753 2649 R.
1767 2611 1792 2650 r.
1814 2592 1958 2654 salmane.

301 2681 342 2724 ne
361 2669 415 2728 tali
434 2669 535 2732 ammo
565 2668 608 2726 ibi
636 2683 689 2738 per
717 2665 895 2723 decennium
916 2666 1078 2724 manserint
1099 2704 1108 2724 .
1161 2681 1186 2722 c.
1201 2679 1227 2732 ς.
1249 2661 1443 2720 n.188.cum
1463 2661 1565 2718 Truss.
1584 2661 1614 2717 0*
1633 2659 1727 2722 Dran.
1746 2665 1833 2726 Cone.
1854 2683 1919 2728 rom.
1930 2687 1960 2740 7.

307 2737 358 2797 Ita
377 2741 470 2801 Sasm.
490 2754 557 2825 cap.
578 2759 605 2811 5.
624 2758 702 2799 nram.
716 2741 779 2798 1⁸6.
800 2759 864 2797 cum
883 2737 982 2811 Lago,
1002 2738 1109 2797 Santi.
1156 2747 1229 2865 pub.
1238 2735 1306 2793 680.
1327 2751 1416 2793 n.12.
1612 2806 1619 2820 .

305 2815 364 2869 σο.
383 2834 420 2871 ac
437 2815 569 2872 Conona
588 2830 655 2871 rm.
668 2833 696 2885 7.
713 2826 746 2885 p.
765 2814 832 2872 681.
852 2831 882 2872 n.
908 2829 954 2883 ¹⁴·
982 2829 1017 2870 ea
1036 2813 1058 2870 s.
1082 2827 1108 2870 r.
1231 2808 1278 2866 ub.
1299 2824 1325 2880 ς.
1346 2806 1395 2867 An
1415 2807 1545 2880 legatum
1566 2801 1699 2868 resisum
1722 2810 1843 2872 seminis
1863 2813 1893 2871 in
1907 2831 1969 2882 ma·

304 2887 342 2944 C.
365 2890 399 2943 dr
420 2887 546 2945 Incolis.
566 2886 627 2944 Hie
646 2886 812 2943 addendum
835 2885 865 2942 id
885 2884 965 2959 quod
985 2882 1110 2943 tradunt
1162 2880 1340 2943 trimonium
1362 2881 1567 2948 collocandis,
1589 2878 1674 2950 pollis
1695 2886 1774 2949 tradi
1794 2889 1891 2947 viduis
1910 2888 1967 2947 ise.

302 2958 460 3024 saacsez,
489 2960 659 3017 Trullencl.
687 2959 865 3026 &Bardasir
884 2960 967 3031 apud
984 2955 1020 3015 P.
1040 2956 1111 3015 Fer·
1164 2972 1229 3015 rum
1249 2955 1411 3026 nupturis?
1432 2953 1522 3025 Resp.
1544 2952 1725 3015 affirmative
1746 2994 1756 3027 ,
1785 2960 1804 3017 fi
1830 2978 1890 3017 non
1910 2963 1966 3021 sint

304 3028 385 3102 raris
402 3030 509 3106 (Bisl.
527 3051 560 3091 v.
577 3031 703 3089 Civitas
719 3034 829 3105 mys.)
850 3046 956 3103 nempe
975 3030 1056 3103 quod
1069 3032 1111 3087 le·
1163 3030 1230 3089 alite
1248 3028 1366 3086 semine
1385 3037 1471 3085 etate
1492 3027 1628 3085 nubiles:
1657 3030 1739 3089 secus
1762 3070 1772 3101 ,
1802 3033 1824 3091 si
1843 3034 1934 3094 adnm
1953 3074 1967 3104 ,

325 3114 407 3163 atum
427 3103 562 3163 relietum
583 3102 692 3176 puellis
709 3106 881 3175 originariis
900 3120 960 3163 non
979 3100 1020 3160 en
1040 3102 1130 3181 isan·³
1163 3103 1235 3178 quia
1253 3103 1374 3160 nomine
1395 3100 1530 3159 mulieris
1555 3100 1587 3157 in
1621 3104 1843 3165 matrimonium
1872 3109 1967 3166 collo·

327 3192 378 3236 unt
398 3176 461 3249 eis,
480 3194 543 3253 qua
561 3176 723 3237 casualiter
741 3188 816 3237 nate
835 3178 948 3237 suerint
965 3176 998 3233 in
1009 3192 1047 3235 eo
1065 3179 1111 3235 lo·
1161 3177 1283 3245 cande,
1304 3172 1422 3247 proprie
1442 3172 1624 3245 intelligitur
1642 3192 1695 3246 ea,
1725 3196 1789 3255 que
1818 3196 1978 3256 nunquam,

304 3267 362 3311 co.
494 3293 498 3297 x
683 3288 687 3293 ·
1027 3298 1035 3313 .
1109 3312 1111 3318 A
1161 3250 1278 3322 nupnt,
1298 3250 1348 3309 vel
1369 3249 1388 3307 si
1408 3247 1523 3321 nupfit,
1542 3249 1673 3309 invalide
1692 3254 1806 3326 uupfit,
1837 3269 1971 3314 autma-

262 3359 266 3370 ·
339 3324 419 3385 Dub.
439 3344 468 3401 3.
486 3324 537 3387 An
556 3328 686 3401 segetum
708 3324 843 3385 relidum
863 3324 1110 3413 Orphenisposlit
1160 3324 1334 3385 trimonium
1353 3338 1413 3381 non
1433 3322 1677 3405 consummavit,
1706 3341 1743 3383 ex
1771 3330 1795 3387 s.
1822 3326 1883 3389 Hor
1903 3330 1968 3397 ser·

303 3396 373 3458 dari
390 3401 567 3473 pauperibus
585 3401 763 3460 habentibus
782 3402 926 3459 Parentes
956 3400 1110 3459 inutiles?
1161 3416 1261 3459 mone.
1278 3396 1311 3467 ff.
1332 3398 1367 3451 de
1387 3396 1468 3455 Vers.
1483 3395 1586 3478 figitis.
1605 3390 1653 3455 Ita
1673 3402 1876 3465 communiter
1894 3400 1970 3459 San·

304 3471 378 3532 Non
396 3474 643 3533 concurrentibus
662 3492 734 3533 rere
765 3474 878 3533 orbatis
903 3475 1112 3543 Parentibus,
1163 3472 1233 3533 cbez
1253 3472 1276 3528 s.
1294 3488 1323 3540 7.
1344 3470 1378 3524 de
1399 3468 1536 3526 Marrrm.
1556 3468 1597 3526 D.
1615 3486 1665 3541 95.
1685 3492 1714 3534 n.
1732 3475 1779 3545 ⁶5·
1800 3474 1967 3549 Roncagsia
2086 3545 2090 3551 Ι

303 3546 425 3613 uidetur
442 3558 596 3619 receptum
617 3548 694 3621 apud
710 3562 833 3615 omnes,
851 3547 931 3623 quod
949 3546 1016 3623 dari
1047 3549 1112 3619 pos·
1164 3548 1194 3603 d.
1213 3560 1240 3603 r.
1260 3560 1288 3615 7.
1308 3559 1335 3613 q.
1357 3557 1383 3615 3.
1405 3542 1443 3600 lt.
1463 3559 1492 3613 4.
1512 3540 1598 3605 conc.
1619 3560 1686 3605 rom,
1705 3564 1733 3617 7.
1748 3559 1782 3623 p.
1796 3548 1862 3607 681.
1882 3566 1963 3609 num,

302 3617 369 3679 sit.
408 3620 526 3688 Ratio,
554 3620 626 3695 quia
651 3620 690 3679 fic
721 3622 811 3679 etiam
833 3623 976 3694 impletur
1005 3620 1110 3679 volun·
1165 3634 1211 3693 13.
1232 3620 1262 3675 nr
1280 3614 1373 3674 sarm.
1393 3631 1416 3673 r.
1438 3632 1465 3685 ς.
1485 3634 1514 3675 n.
1536 3617 1601 3687 189.
1622 3636 1685 3677 rum
1705 3620 1886 3687 BonTruss.
1904 3625 1963 3681 err.

301 3700 349 3749 tas
367 3690 560 3762 Tesiatorir,
578 3694 631 3769 qui
652 3697 718 3753 vult
736 3695 884 3767 opitulari
904 3694 1109 3753 filiisnonba·
1161 3691 1223 3761 Qui
1245 3700 1346 3749 temen
1365 3686 1443 3747 reste
1457 3688 1577 3773 ,addunt
1596 3707 1663 3750 cum
1674 3691 1859 3781 Ronrrgsia,
1879 3695 1964 3769 quod

303 3764 461 3835 bentibus,
480 3785 500 3826 a
519 3784 581 3843 quo
599 3770 735 3839 alantur,
754 3768 782 3827 n
801 3769 880 3827 tales
899 3770 965 3827 sunt
983 3768 1035 3842 qui
1056 3771 1110 3828 bt·
1160 3765 1181 3821 sl
1201 3766 1332 3837 legatum
1353 3760 1388 3821 fit
1409 3759 1543 3821 rendum
1577 3780 1631 3835 pro
1658 3766 1801 3825 nubendrs
1829 3768 1962 3826 ioeminis

303 3838 408 3899 bentcs
425 3840 572 3900 Parentes
590 3842 733 3911 inutiles,
753 3860 792 3902 ex
811 3844 923 3900 celebri
952 3844 1008 3899 illo
1028 3838 1108 3898 ditio
1160 3837 1357 3911 pauperibus,
1377 3834 1476 3894 viduis
1496 3836 1589 3896 etiarn
1610 3836 1674 3899 dari
1688 3838 1799 3910 potest,
1820 3843 1970 3915 quieuer-

304 3911 386 4041 Bpiud
403 3913 529 4040 (ἕψω
549 3914 582 3998 in
600 3918 787 4000 astismos.
806 3918 886 3983 caus.
894 3931 952 4043 ἐς.
971 3932 999 3989 q.
1011 3931 1036 3973 2.
1044 3932 1107 3973 ver.
1159 3912 1190 3970 bi
1212 3908 1389 4041 fignisigatio
1409 3910 1539 3985 utrisque
1551 3906 1693 3971 convenit
1706 3923 1767 3970 tam
1788 3914 1971 3987 virginibus,

303 4000 650 4130 rirzlitlesnsres'offff
667 4004 887 4119 bamma
913 3990 1109 4119 regem:
1159 4000 1395 4117 quffibwfin
1413 4056 1549 4143 legatum
1571 4052 1704 4140 solidum
1725 4056 1894 4129 virginibus
1912 4079 1969 4121 nu·

306 4145 391 4189 aera.
409 4133 446 4187 de
463 4131 571 4197 Trans.
592 4132 692 4205 Episc.
722 4134 772 4191 ubi
804 4132 939 4203 dicitur,
962 4133 1106 4193 'inutilem
1159 4132 1264 4191 bendis
1283 4126 1368 4204 possit
1389 4128 1453 4190 duri
1474 4130 1583 4215 uirgini
1603 4135 1696 4185 etiarn
1716 4138 1883 4213 corrupte?
1912 4136 1969 4193 Di-

303 4202 438 4277 reputari
455 4214 488 4261 ut
506 4216 676 4265 mortuum.
700 4206 784 4276 Huic
804 4209 935 4267 adheret
966 4207 998 4267 id
1023 4208 1109 4284 quod
1160 4204 1365 4280 liingucndum
1383 4242 1392 4273 ,
1413 4203 1433 4262 sr
1451 4202 1568 4333 Subluce
1589 4200 1700 4265 consiet
1720 4203 1757 4262 de
1778 4221 1842 4277 epus
1864 4208 1986 4267 corrri-v

304 4277 409 4338 dicunt
428 4278 592 4338 Coverruv.
609 4280 700 4338 Basd.
718 4280 787 4339 Pas.
806 4280 915 4353 Perea,
943 4284 1001 4342 dc.
1023 4285 1107 4356 apud
1159 4282 1282 4357 ptione,
1300 4295 1359 4336 non
1379 4288 1448 4351 pote
1490 4275 1591 4335 tradit
1612 4276 1762 4362 quianon
1782 4279 1965 4355 adimplere·

305 4350 412 4411 Sanch.
432 4355 486 4411 soc.
505 4351 557 4412 eir.
569 4368 683 4425 nempe
703 4355 783 4439 quod
804 4358 895 4415 Pater
914 4352 1027 4414 dicitur
1055 4373 1105 4415 or·
1156 4366 1206 4413 tur
1225 4353 1291 4412 sinis
1309 4350 1493 4419 senatoris,
1513 4350 1644 4409 volentis
1664 4362 1783 4410 tantum
1812 4354 1987 4433 subvenire,

305 4422 393 4484 batus
411 4423 632 4494 filimnfisiut
650 4424 691 4485 esi
709 4428 846 4496 inutilis,
865 4447 902 4487 et
920 4428 1018 4498 Gsoffa
1031 4430 1103 4489 ins.
1159 4429 1223 4498 lis,
1242 4444 1305 4503 que
1324 4441 1393 4484 uere
1414 4422 1545 4496 virgines
1566 4423 1653 4482 sunt.
1690 4426 1810 4493 secus,
1845 4427 1987 4487 siclam·

304 4495 476 4573 Plagiarii.
495 4500 530 4558 c.
550 4502 591 4556 ad
609 4500 642 4560 s.
663 4498 805 4558 Flauiam
825 4505 860 4559 de
879 4502 966 4576 Plag.
996 4502 1038 4560 Et
1068 4520 1106 4559 et
1159 4502 1194 4560 dt
1212 4511 1372 4572 corrupte,
1392 4496 1462 4573 quis
1482 4498 1514 4555 in
1532 4498 1683 4557 communi
1702 4497 1967 4559 estimationelraec

303 4572 409 4631 endem
429 4573 526 4643 Gsoffa
541 4572 653 4633 dicitru
670 4571 761 4633 vidua
772 4610 782 4642 ,
810 4591 873 4649 que
892 4578 989 4634 virum
1017 4575 1108 4634 inuti·
1158 4589 1213 4649 pro
1232 4574 1348 4645 uirgine
1371 4581 1548 4644 reputatur,
1576 4584 1610 4631 ut
1631 4572 1784 4643 colligitur
1812 4589 1848 4633 ex
1868 4578 1890 4633 s.
1909 4572 1977 4634 Li:

303 4648 365 4703 lem
383 4647 493 4706 biber.
511 4645 560 4705 Sic
579 4664 596 4705 a
617 4646 681 4720 pari
701 4646 845 4706 dicendus
864 4648 1043 4721 Orpbanus,
1097 4648 1105 4662 '
1159 4650 1215 4707 ber.
1236 4650 1263 4723 §.
1281 4646 1369 4725 Quod
1387 4660 1502 4706 autem.
1518 4646 1552 4718 ff.
1570 4649 1605 4704 de
1623 4644 1726 4719 Legat.
1745 4644 1812 4705 Nec
1831 4644 1968 4705 censetur

305 4719 453 4779 Parentes
471 4719 559 4777 babet
580 4722 722 4780 inutiles·
743 4719 791 4779 lto
810 4720 976 4796 iloncagsiae
995 4726 1030 4780 dr
1079 4741 1105 4780 e·
1158 4720 1301 4782 Tesiator
1320 4716 1464 4787 voluisse,
1485 4719 1566 4796 quod
1584 4720 1683 4793 puella
1702 4716 1870 4779 manileslet
1882 4720 1968 4781 suam

299 4793 384 4860 flam.
403 4806 470 4867 cap.
482 4812 549 4866 Μ.
562 4809 589 4863 ς.
609 4797 648 4855 R.
663 4814 689 4853 a.
702 4763 830 4853 doncina
853 4809 892 4854 rr.
903 4814 931 4866 7.
945 4806 1019 4870 pag.
1037 4796 1106 4857 681.
1157 4792 1373 4869 turpitudinem
1397 4814 1409 4849 r
1443 4786 1491 4853 ltu
1510 4794 1708 4853 communiter
1736 4793 1823 4854 Cone.
1852 4808 1917 4853 roris.
1937 4814 1969 4869 7.

304 4884 334 4924 n.
347 4886 393 4938 ις.
412 4866 507 4926 Dian.
516 4880 549 4939 p.
560 4884 585 4925 t.
596 4881 634 4927 tr.
646 4887 673 4926 2.
683 4869 780 4941 R.5a.
789 4868 883 4927 Salar.
905 4886 930 4927 r.
943 4885 969 4938 ς.
989 4889 1018 4929 n.
1040 4873 1105 4943 107.
1154 4882 1228 4945 pag.
1246 4870 1311 4928 681.
1331 4888 1360 4927 n.
1375 4866 1420 4926 16.
1441 4866 1571 4942 chrag.
1592 4869 1627 4924 de
1646 4866 1771 4937 Testem.
1793 4870 1823 4925 d.
1842 4885 1869 4927 c.
1907 4908 1914 4925 .
1934 4887 1964 4939 4.

304 4957 371 4997 rum
384 4944 484 5001 Truss.
496 4943 553 4999 sse.
573 4958 611 4999 cc
631 4942 761 5001 adstaret
779 4940 859 5015 Lago
877 4940 918 4999 D.
938 4957 985 5013 οι.
997 4962 1027 5003 n.
1038 4961 1103 5019 303.
1160 4944 1199 5003 lt.
1223 4962 1249 5001 1.
1269 4942 1415 4999 Salmone.
1435 4960 1459 5000 r.
1483 4956 1510 5013 ς.
1530 4962 1557 5003 n.
1579 4959 1644 5010 190.
1663 4956 1728 4999 curn
1747 4940 1849 4999 Truss.
1869 4884 1964 5001 silas.

213 5080 217 5089 Ι
295 5013 356 5102 po
376 5026 493 5083 autem,
513 5017 756 5075 concurrentibus
774 5032 844 5073 rere
871 5016 984 5074 orbatis
1002 5032 1104 5088 poren-
1159 5014 1288 5077 Marrin.
1308 5034 1327 5072 a
1346 5014 1377 5074 S.
1391 5014 1454 5090 Jos.
1474 5018 1531 5076 (σο.
1552 5014 1602 5073 An
1625 5025 1723 5075 nutem
1745 5014 1845 5085 puella
1864 5030 1967 5071 corru-

213 5133 216 5139 ,
303 5088 416 5155 ribus,
446 5090 479 5146 bi
497 5086 551 5147 fist
570 5089 772 5161 presorotdll
810 5088 970 5149 Affirmant
1000 5106 1105 5150 omnes
1157 5102 1208 5163 pta
1224 5087 1309 5164 pont
1328 5092 1391 5148 tale
1412 5090 1675 5223 legatumpetere?
1696 5084 1965 5149 Affirmanrsatm.

104 5216 114 5228 .
243 5162 246 5165 ’
302 5156 418 5245 prasio
434 5160 583 5228 munies
599 5172 668 5230 tuus
688 5164 819 5254 Saagpra
848 5164 933 5254 Confi
960 5162 1012 5229 sil.
1030 5184 1059 5240 4.
1078 5177 1103 5230 r.
1156 5166 1210 5227 sor.
1230 5162 1281 5225 rit.
1301 5166 1373 5241 quia
1391 5162 1423 5223 in
1459 5162 1660 5249 nvorabilibus
1679 5162 1770 5265 verba
1785 5160 1855 5231 sunt
1873 5158 1987 5289 licernes
