4425 5750
270 221 386 324 tvir'i

218 371 424 442 contrarium,
442 371 468 430 di
489 369 617 428 nondum
639 370 746 442 prioris
765 363 903 443 conjugis
914 380 1010 440 moire
1022 368 1066 426 so·
1116 360 1187 424 iada
1218 365 1286 426 a'nte
1306 365 1388 427 illius
1408 367 1694 433 consummationem
1722 367 1968 433 impiitationis

218 452 334 519 lutum,
353 449 470 524 seseque
491 459 600 518 magno
621 445 730 504 sceiere
740 446 912 517 polygenos
925 439 1064 508 reddant.
1119 439 1292 500 inEcclefia
1311 438 1402 512 fiant,
1421 458 1453 504 ut
1473 443 1492 506 fi
1514 445 1617 518 aliqua
1636 445 1751 504 subsunt
1772 447 1976 518 impedimem.

211 521 288 588 nsit
307 525 398 582 etiam
419 537 455 577 eo
473 519 662 592 impudentia
672 520 839 582 devenere,
860 527 891 574 ut
905 514 1066 590 hujiisma-
1118 524 1171 583 ta,
1191 515 1310 574 facilius
1329 519 1523 590 detegantur.
1555 518 1704 580 Praeterea
1726 522 1799 578 licet
1812 522 1969 593 ¹Episcopo

215 599 266 676 gns
285 591 469 656 sacramenti
489 603 697 662 contemtum,
727 584 786 664 poll
814 592 923 661 primas
953 591 1067 650 secreto
1119 585 1252 646 tedisium
1275 590 1308 649 sit
1327 593 1497 652 omnimode
1519 594 1603 664 super
1623 591 1902 662 denunciationibus
1921 597 1973 655 di·-

218 670 329 738 initas,
359 667 467 727 alteras
488 678 537 725 aut
558 669 696 738 publice,
716 679 767 723 ant
786 667 927 736 privatim
949 667 1065 736 nuptias

216 739 445 822 contrahendo,
463 745 520 822 sese
539 742 680 800 audacius
691 740 871 817 ,polygamia
892 737 1002 812 pariter
1021 743 1064 796 in·

210 819 326 884 ,nodare
347 831 404 878 non
425 816 671 890 perhorrescant.
712 814 777 886 Age
798 825 869 872 vero
897 831 976 878 uam
997 827 1061 886 pra·

216 891 295 962 via,
314 903 400 966 quam
422 893 506 950 nullo
526 883 611 963 pado
630 889 749 946 serenda
770 901 806 943 er
830 885 877 946 his
900 897 901 900 ’
938 885 1062 954 ιιιιιιιοζ·

215 968 272 1025 niis
293 971 372 1026 mala
391 967 541 1024 otiantur.
561 964 589 1022 Si
610 959 688 1019 enim
710 961 745 1019 ad
767 974 983 1038 quamcumque
995 963 1062 1020 Ma·

216 1042 353 1100 trimodis
375 1036 568 1112 suspicionem
590 1037 854 1105 summovendam,
875 1037 970 1114 virum
985 1039 1061 1094 seor·

216 1115 265 1172 sim
287 1133 304 1174 a
326 1115 449 1172 niuliere
471 1113 571 1168 vivere
590 1107 765 1182 contingat,
785 1109 896 1168 sublata
918 1110 957 1168 est
977 1111 1062 1168 illico

215 1189 370 1246 individua
390 1191 458 1244 vitat
479 1184 676 1254 consuetudo,
696 1185 722 1241 dr
741 1197 925 1242 contemtum
947 1183 986 1242 esi
999 1199 1061 1241 ret·

215 1261 281 1320 bum
294 1260 437 1320 Domini:
458 1257 622 1320 Aruaereii'r
641 1255 719 1320 bomo
737 1257 821 1316 uxori
842 1261 917 1326 sue,
936 1263 966 1318 o
978 1269 1063 1316 eruar

215 1338 272 1392 duo
289 1336 524 1396 incarne-uua.
563 1329 614 1392 Sin
636 1335 697 1392 hac
717 1334 783 1390 vitae
803 1332 984 1392 consuetudo
1004 1333 1063 1390 ser·

216 1421 324 1478 vetur,
346 1425 435 1466 nemo
454 1403 515 1474 est,
535 1407 585 1482 qui
608 1407 690 1464 illam
712 1408 846 1464 criminis
866 1423 924 1462 non
938 1416 1063 1478 arguat,

212 1479 238 1550 ds
259 1491 361 1558 utpote
383 1481 655 1548 detenuissemus
676 1480 805 1538 scandali
828 1480 984 1536 materiam
1006 1489 1064 1534 non

213 1559 374 1616 traducat.
413 1553 522 1630 Neque
542 1555 628 1612 illata
656 1571 707 1626 per
727 1553 893 1622 scandalum
913 1549 1064 1624 dispendia

212 1631 348 1706 rependit
365 1629 517 1698 subsecuta
537 1629 699 1686 celebratio
716 1626 829 1684 occulti
851 1623 1061 1696 Matrimonii,

214 1707 295 1784 quod
315 1705 349 1766 iti
369 1703 497 1764 tenebris
517 1701 694 1780 delitescit,
721 1701 747 1762 ἃ
767 1703 801 1762 ab
822 1702 958 1762 omnibus
976 1702 1061 1774 igno-

213 1789 317 1841 rdiui'a
364 1823 366 1830 ν
433 1783 437 1790 Ι
787 1791 794 1808 ’“

253 1849 385 1914 Leviora
405 1865 522 1930 quoque
542 1845 649 1914 damna
668 1842 726 1914 non
747 1847 834 1923 sunt,
854 1845 1062 1928 quesuscepta

214 1930 294 2000 proli
316 1928 503 2002 irrogantur.
540 1929 617 2002 Saepe
637 1929 715 1986 enim
735 1931 907 2001 contingit,
941 1929 1023 1986 iilam
1043 1943 1062 1984 a

213 2003 402 2078 parentibus,
431 2002 608 2061 &amatre
637 2003 792 2076 prasertim
823 2014 975 2069 amotam,
1005 2013 1061 2058 nee

214 2077 286 2150 pie,
307 2093 361 2136 nec
382 2073 545 2139 liberaliter
566 2075 695 2152 insiirui;
719 2075 776 2136 -serl
796 2072 917 2136 incertis
937 2076 1061 2134 sonunae

214 2151 324 2216 ,cambus
344 2149 489 2224 objesiam
512 2151 657 2228 relinqui;
679 2149 732 2210 nisi
751 2151 841 2212 etiam
862 2147 1061 2222 parentesipst

214 2239 447 2286 contrahaturre
467 2227 569 2296 leges,
602 2227 670 2284 ausu
690 2225 805 2300 nefario
825 2227 907 2282 illius
928 2226 994 2286 vitae
1014 2225 1058 2281 in·

214 2301 375 2362 iidientur.'
413 2297 472 2358 Ubi
493 2317 564 2357 vero
583 2307 645 2358 tam
666 2297 796 2358 immane
824 2300 938 2358 sacinus
958 2315 1061 2372 paren·

216 2387 264 2432 tes
282 2375 450 2442 deterreat,
478 2374 602 2448 illosque
622 2375 658 2433 ad
680 2372 808 2432 sobolem
828 2373 986 2442 alendam,
1014 2374 1060 2442 in,

213 2445 447 2524 siituendnmque
468 2447 639 2530 humanitas
659 2449 718 2520 ipsa
733 2451 915 2522 compeliat3
937 2448 1061 2516 alicime

213 2523 306 2582 minet
326 2523 432 2591 liberis¹
449 2521 587 2594 susceptis
607 2542 643 2580 eit
664 2521 784 2580 occulto
798 2522 998 2582 Matrimonio
1019 2525 1063 2581 lu·

213 2600 306 2669 pentir
327 2600 476 2655 avitarum
498 2597 697 2664 saeuiturum,
716 2597 742 2670 dt
762 2599 905 2656 bonorum
928 2593 1062 2672 jussura,

214 2685 267 2744 pio
297 2683 421 2746 quorum
451 2669 615 2741 possessione
644 2668 818 2744 assequenda
844 2671 982 2745 quamvis
1000 2673 1063 2728 cla·

215 2757 299 2823 meur
322 2744 385 2818 'ruia
404 2745 576 2815 sanguinis,
606 2746 667 2804 iilis
688 2757 789 2802 tamen
810 2756 930 2804 careant
949 2743 1062 2802 necesse

1119 663 1274 734 spensare,
1294 665 1356 724 hec
1376 679 1477 728 tamen
1491 667 1646 738 ¹facultas,
1665 685 1723 727 non
1745 684 1762 728 a
1782 673 1842 728 sola
1854 671 1989 742 disum.

1118 738 1215 795 santis·
1230 741 1386 802 uoluntate
1408 743 1535 814 pendet,
1566 736 1614 798 sed
1636 761 1653 800 a
1674 739 1857 805 Tridentino
1883 761 1968 802 coer·

1115 824 1200 870 cetur
1221 810 1307 872 iistis
1327 816 1508 887 prudentie,
1538 818 1861 891 discretique·arbitrii
1892 821 1968 890 teet·

1114 882 1168 942 bus
1179 905 1194 954 ,·
1223 887 1304 962 quod
1332 891 1413 948 idem
1443 889 1505 960 eli,
1538 908 1573 951 ac
1595 894 1762 963 legitimam
1785 894 1902 952 causam
1922 893 1969 952 di·

1114 960 1307 1031 sponsationis
1331 967 1500 1040 requirere.
1737 1021 1740 1026 .
1902 1008 1907 1019 ·
1980 987 1984 1000 ’

1133 1034 1258 1119 ‘Parem
1300 1054 1417 1112 uoque,
1443 1042 1506 1097 imo
1524 1035 1643 1102 sortasse
1672 1034 1815 1112 majorem
1838 1041 1967 1112 vigilan·

1115 1116 1191 1191 tram
1212 1125 1283 1166 nece
1308 1130 1323 1168 e
1344 1111 1383 1168 est
1402 1131 1420 1172 a
1441 1113 1531 1175 vobis,
1545 1116 1706 1184 adhiberi,
1726 1133 1762 1173 ne
1782 1113 1966 1187 postremis.

1116 1186 1159 1238 sas
1190 1182 1438 1244 denunciationes
1467 1190 1634 1248 celebretur
1655 1189 1896 1253 Matrimonium
1914 1197 1972 1248 co·'

1115 1272 1179 1314 ram
1201 1257 1358 1326 Parocho,
1389 1261 1439 1343 uel
1454 1263 1521 1321 ,aiio
1540 1262 1698 1326 Sacerdote
1727 1267 1763 1322 ab
1789 1265 1855 1336 ipso
1875 1259 1968 1331 Paross,

1116 1331 1194 1397 eho,
1215 1332 1272 1414 ¹sel
1293 1349 1311 1391 a
1331 1335 1416 1390 uobis
1435 1331 1596 1406 deputato,
1627 1339 1823 1410 presentibus·
1835 1339 1968 1408 duobus,

1116 1406 1167 1487 uel
1184 1405 1277 1486 tribus
1296 1402 1414 1464 teiiibus
1432 1409 1668 1481 considentibus,
1697 1428 1734 1469 ne
1752 1412 1815 1470 ulla
1834 1414 1969 1472 celebra·

1116 1485 1212 1541 tronis,
1226 1479 1355 1554 notitia,
1375 1483 1423 1536 tei
1443 1487 1698 1546 rumororiatur.
1719 1479 1754 1540 Id
1775 1487 1856 1540 enim
1877 1497 1911 1542 ut
1929 1483 1967 1543 ad

1117 1551 1316 1621 prescriptum
1339 1552 1486 1614 sacrorum
1498 1555 1665 1616 Catonum.
1676 1557 1760 1622 licite
1778 1554 1843 1614 fieri
1903 1554 1968 1626 ιιι,

1116 1639 1174 1680 non
1195 1625 1265 1685 satis
1284 1625 1325 1684 esi
1343 1628 1433 1688 obuia
1450 1633 1583 1703 queuis,
1604 1627 1631 1689 a
1650 1631 1781 1703 uulgaris
1794 1647 1828 1690 ca
1862 1646 1898 1700 a,
1916 1629 1969 1690 sed

1115 1702 1235 1770 gravis,
1256 1703 1426 1772 urgeamur
1447 1701 1650 1776 urgentissima
1672 1705 1851 1780 requiritur.
1872 1704 1902 1765 A
1922 1707 1967 1764 sa·

1115 1791 1169 1832 cro
1186 1772 1287 1841 nodtae
1297 1775 1531 1850 Poenitentiarie
1550 1781 1692 1844 tribunali
1704 1796 1769 1844 ‚eo
1788 1779 1966 1851 potishmuta

1114 1848 1183 1906 casu
1216 1847 1261 1916 fir,
1302 1849 1409 1914 otcdas
1437 1855 1480 1918 ita
1505 1855 1674 1918 celebrandi
1697 1854 1965 1925 «Matrimonium,

1114 1937 1175 1998 quo
1194 1923 1262 2006 uir,
1280 1868 1307 1981 dt
1327 1926 1452 1984 foemina
1472 1929 1502 1984 in
1521 1925 1618 2000 lipura
1638 1929 1825 1988 Matrimonii
1847 1929 1965 2000 publice

1115 1999 1280 2068 degentes,
1313 1998 1341 2058 da
1359 2001 1397 2058 de
1417 2003 1526 2076 quibus
1546 2005 1629 2062 nulia
1649 2005 1734 2076 riget
1767 2004 1902 2062 criminis
1920 2004 1965 2062 su·

1114 2072 1225 2148 spicio,
1244 2073 1274 2130 in
1293 2077 1536 2150 occultqtamen
1549 2079 1965 2151 concubinatuperseverentp

1114 2148 1204 2206 facile
1224 2149 1303 2210 enim
1346 2151 1449 2225 uisque
1469 2151 1633 2224 conjiciet,
1653 2167 1743 2227 quarn
1764 2151 1906 2210 absonum·
1921 2153 1967 2209 es-

1114 2224 1176 2290 set,
1196 2168 1406 2290 comedite
1425 2225 1625 2285 damnationis
1648 2225 1844 2307 perpennam
1865 2227 1968 2286 Sacra·

1113 2298 1206 2356 menti
1225 2297 1429 2372 revocandos,
1450 2301 1488 2368 ad
1508 2301 1628 2374 publice
1647 2303 1883 2362 contrahendum
1898 2301 1967 2359 Ma·
2054 2337 2081 2358 ..

1114 2373 1289 2430 stimonium
1328 2374 1457 2446 pretiis.
1476 2377 1756 2438 denunciationibus
1792 2375 1966 2447 comperti-i

1113 2447 1201 2508 Hane
1221 2460 1293 2505 reto
1312 2451 1427 2520 praxim
1446 2453 1543 2510 uobis
1553 2454 1701 2510 duximus
1722 2453 1966 2523 proponendam,

1114 2539 1174 2580 non
1205 2523 1276 2598 quia
1305 2521 1485 2594 dispensatio
1512 2525 1652 2595 praemissa
1680 2526 1758 2582 casui
1780 2526 1873 2579 solum
1892 2540 1965 2579 cone

1116 2610 1225 2669 gestat,
1247 2609 1323 2659 ¹curu
1343 2596 1396 2655 alii
1417 2597 1548 2663 ssmiles,
1575 2596 1612 2653 ἃ,
1633 2596 1750 2655 sortasse
1778 2597 1966 2664 urgentiores

1115 2669 1172 2728 esse
1197 2665 1379 2744 possint‚,in
1395 2669 1514 2742 ,quibus
1542 2667 1699 2740 dispensari
1727 2670 1885 2740 expeditu
1913 2669 1965 2728 sed

1114 2747 1185 2821 quia
1205 2739 1291 2804 vesiri
1310 2741 1469 2813 palloralis,
1489 2741 1581 2804 officii
1599 2757 1698 2813 partes
1728 2742 1834 2800 versari
1856 2744 1966 2804 debent

215 2819 254 2877 eli
276 2832 394 2893 propter
414 2821 533 2876 occulta
552 2832 704 2892 parentum
727 2817 946 2888 Matrimonia,
965 2818 992 2881 dt
1012 2818 1063 2879 ad·
1115 2820 1145 2879 in
1166 2819 1267 2881 sedulo
1284 2815 1667 2890 investigandalseitime.
1695 2817 1859 2890 &urgueri
1880 2817 1967 2879 causa

215 2902 326 2953 emtam
355 2893 581 2968 legitimitaris,
609 2890 813 2952 &filiationis
834 2892 1061 2966 probationem.
1114 2896 1163 2955 dis
1178 2890 1355 2961 ensationis,
1386 2908 1423 2951 ne
1443 2892 1792 2952 Matrimoisaoceutie
1813 2895 1965 2952 celebrate
2019 2962 2024 2965 ¹

213 2962 295 3031 Huic
317 2968 410 3027 etiam
434 2966 578 3025 malorum
605 2964 713 3041 origini
734 2968 797 3025 sunt
827 2968 981 3029 reserenda
1001 2970 1061 3043 ipsa
1114 2972 1145 3029 lu
1174 2968 1259 3025 uosos
1277 2965 1408 3026 babeant
1426 2968 1542 3037 exitus,
1562 2984 1640 3044 quos
1656 2970 1764 3027 intimo
1784 2968 1882 3029 cordis
1892 2983 1967 3027 moe·

215 3060 333 3119 quoque
353 3043 464 3099 l'ecieta
478 3040 678 3099 Matrimonia
696 3038 846 3103 coritiana
866 3062 883 3103 a
903 3038 1062 3113 filiissami·
1114 3060 1180 3105 rote
1200 3042 1416 3104 recensuimus.
1730 3085 1735 3095 .
1824 3081 1831 3085 -

216 3122 272 3177 lias
291 3129 395 3177 contin
416 3117 507 3188 patris
536 3114 607 3192 jusle
627 3112 823 3176 dissentientis
852 3125 1059 3193 voiuntatem3
1149 3115 1239 3177 Hunc
1268 3132 1356 3187 porro
1384 3118 1415 3174 in
1434 3117 1554 3190 scopum
1583 3134 1636 3176 vos
1658 3120 1834 3185 hortamur,
1862 3116 1965 3178 reim·

216 3208 252 3254 er
281 3191 386 3267 quibus
415 3206 501 3265 quam
534 3194 639 3263 gravia
666 3191 856 3253 incommoda
885 3194 996 3253 exoriri
1018 3194 1061 3250 so-
1114 3192 1200 3265 pense
1220 3192 1435 3261 admonemus,
1465 3205 1500 3251 ut
1520 3194 1704 3265 personarum
1727 3192 1963 3253 Matrimonium

216 3270 316 3335 leant,
332 3264 481 3323 neminem
502 3265 595 3327 latet.
616 3264 696 3337 Quid
715 3266 819 3341 plura?
839 3266 915 3327 adeo
934 3267 1062 3326 invaluit
1114 3268 1229 3325 secreto
1246 3269 1424 3336 contrahere
1443 3270 1608 3339 petentium
1640 3267 1769 3339 diligens
1792 3267 1846 3327 sat
1872 3287 1894 3326 a
1912 3285 1966 3325 vo·

215 3342 355 3409 malitia,
390 3352 422 3399 ut
450 3342 568 3415 quando
591 3356 627 3399 ue
654 3342 685 3398 in
717 3342 879 3400 minoribus
899 3342 1062 3401 Ordinibus
1112 3341 1160 3400 bis
1180 3340 1348 3415 inquisitio:
1369 3356 1406 3398 an
1426 3342 1540 3401 scilicet
1559 3342 1813 3417 eiusquaiitatis,
1832 3342 1962 3414 gradus,

214 3414 365 3474 constituti
385 3416 554 3489 penfiones,
620 3410 788 3484 beneficia,
807 3412 1061 3473 addivinumcul·
1112 3414 1339 3472 &conditionis
1359 3414 1434 3483 fine,
1465 3432 1530 3490 que
1550 3416 1581 3475 id
1601 3418 1692 3488 probe
1712 3418 1869 3488 exposcant
1879 3437 1893 3485 ‚·
1925 3431 1963 3475 art

213 3504 296 3559 tum,
324 3488 566 3548 &ecclesiastica
587 3484 688 3556 munia
707 3484 857 3556 instituta,
884 3490 979 3547 etiam
1000 3486 1062 3560 poli
1115 3490 1169 3549 dnt
1190 3491 1251 3557 sui,
1282 3492 1330 3546 vel
1352 3490 1442 3547 alieni
1466 3489 1557 3561 ‘uris3
1591 3507 1628 3549 an
1647 3488 1856 3560 filiifamilias,
1885 3507 1963 3566 quo·

211 3563 319 3625 initusn
351 3566 430 3625 clam
463 3560 695 3619 Matrimonium
725 3559 920 3629 retinuerint,
951 3562 1062 3637 sibique
1114 3580 1178 3620 rum
1198 3564 1306 3635 nuptia
1324 3565 1401 3635 patri
1421 3505 1491 3636 jude
1510 3564 1691 3623 dissentienti
1713 3564 1767 3623 sint
1787 3566 1905 3636 invisa;
1927 3566 1964 3627 ab

213 3638 249 3697 de
272 3636 441 3695 mammona
461 3633 633 3709 iniquitatis
665 3635 778 3693 loculos
799 3635 961 3695 miserrime
981 3653 1062 3695 com·
1114 3634 1284 3708 Episcopali
1305 3640 1436 3706 etenim,
1455 3638 1534 3713 quod
1556 3640 1681 3711 geritis,
1701 3656 1823 3698 munere
1836 3640 1964 3697 nimium

214 3711 406 3787 paraverint.
529 3778 535 3793 ἱ
870 3742 876 3751 ·
1113 3710 1185 3769 esset
1205 3712 1354 3781 alienum,
1386 3713 1507 3774 saciiem
1526 3715 1649 3789 praeberi
1673 3711 1737 3771 silio
1756 3714 1963 3771 inobedientia
2024 3742 2027 3748 ‚

250 3782 394 3847 Deflenda
414 3784 475 3843 hec
496 3781 589 3859 igitur
618 3780 718 3857 potius
736 3780 873 3845 uberibus
901 3784 1062 3860 lacrymis,
1115 3786 1297 3846 occasionem
1309 3806 1322 3855 ‚·
1350 3802 1388 3845 an
1407 3802 1454 3844 res
1474 3784 1509 3846 stt
1534 3787 1571 3845 de
1591 3789 1722 3859 personis
1741 3784 1962 3851 ecelesiasticis,

214 3874 302 3936 quam
324 3858 430 3917 latiore
450 3856 566 3915 casamo
590 3859 769 3931 explicanda
788 3863 932 3919 maiorum
954 3878 1062 3933 conge·
1116 3861 1189 3919 licet
1214 3862 1432 3921 inriiinorisius
1450 3859 1618 3920 Ordinibus
1636 3856 1824 3924 constitutis,
1843 3858 1966 3930 ‘pensio-

214 3937 294 4003 ries,
314 3950 380 3991 cum
403 3950 439 3991 eit
459 3934 515 3991 bac
539 3932 714 4011 Aposiolieae
723 3930 806 3991 Sedis
825 3932 941 4006 specula
957 3950 1062 3995 ornnes
1115 3950 1189 4003 nes,
1208 3934 1235 3993 C<
1255 3932 1399 3996 beneficia
1415 3932 1612 3998 ecclesiastica
1630 3932 1852 3999 obtinentibus,
1871 3932 1965 3991 uide·

215 4009 265 4065 sibi
286 4006 420 4065 vindicet
452 4004 551 4063 nollrae
571 4008 736 4082 vigilanti-te
755 4023 864 4080 cutas;
897 4020 1062 4079 temperate
1115 4007 1385 4067 teliabilisiiorum
1407 4009 1538 4066 retentio
1558 4007 1588 4061 in
1607 4004 1965 4079 siatuuroratorongruis

213 4089 273 4139 non
291 4078 457 4155 possumus,
475 4082 549 4155 quin
571 4096 623 4137 vos
644 4079 741 4152 ipsos,
763 4080 839 4139 Ven.
861 4082 1001 4151 statem,
1030 4084 1062 4141 in
1114 4082 1254 4141 remediis
1272 4082 1370 4156 polica
1389 4076 1815 4151 comessurum-Potissimum
1829 4095 1963 4139 veroeu·

216 4170 327 4230 partem
357 4153 456 4214 nolite
485 4153 694 4233 sollicitudinis
723 4168 904 4225 evocantes,
938 4155 1061 4226 vestram
1116 4168 1160 4215 ret
1182 4156 1273 4217 velita
1289 4154 1482 4219 sollicitudo,
1503 4164 1662 4227 antequam
1685 4153 1788 4214 secreti
1801 4152 1965 4214 Matrimo·

215 4232 377 4300 pietatem,
397 4227 423 4285 a
444 4230 538 4284 zelum
560 4228 725 4285 excitemus
746 4228 782 4294 ad
802 4228 1004 4291 custodiendas
1017 4234 1060 4289 vi·
1113 4233 1156 4288 nii
1177 4231 1303 4290 licentia
1322 4228 1523 4294 concedatur,
1554 4224 1636 4301 quod
1663 4230 1875 4287 contrahentes
1902 4235 1965 4288 eia*

235 4304 301 4363 illas
320 4302 414 4365 nodis
434 4304 517 4374 super
536 4319 626 4373 grege
648 4302 733 4359 vobis
752 4304 887 4372 credito,
907 4323 994 4379 quem
1017 4308 1060 4364 lu·
1111 4322 1163 4375 ra,
1181 4307 1209 4364 dc
1228 4306 1369 4369 indubia,
1388 4301 1415 4362 te
1435 4318 1452 4357 a
1470 4300 1575 4373 quavis
1585 4300 1694 4360 -sraude
1715 4305 1860 4363 immunia
1878 4307 1966 4363 eitiis

213 4322 309 4436 gisola
329 4380 435 4436 horum
457 4386 623 4447 temporum
645 4374 780 4433 conditio
799 4378 828 4433 in
848 4377 1001 4440 discrimen
1012 4376 1061 4437 ad·
1116 4380 1205 4439 beant
1223 4380 1402 4437 documenta
1416 4374 1511 4432 slatus
1531 4376 1637 4444 liberi,
1655 4378 1692 4437 ad
1713 4380 1906 4437 avertendum
1928 4381 1965 4436 ab

213 4452 313 4511 ducit.
331 4452 467 4517 Primum
489 4446 533 4507 ita
558 4466 593 4506 ue
612 4450 736 4523 periculi
757 4468 814 4507 non
834 4452 1062 4527 insreqricnsoc·
1114 4454 1172 4522 iis,
1198 4455 1250 4528 qui
1277 4450 1408 4522 improbi
1435 4450 1502 4506 sunt
1519 4450 1653 4523 ingenii,
1684 4456 1865 4527 polygamiae
1883 4455 1966 4525 peri·¹

213 4524 289 4584 casio
309 4540 361 4581 vos
381 4523 486 4581 reddat
505 4522 535 4581 dt
570 4526 687 4581 ciliores
717 4524 986 4597 adremirtendum
1009 4546 1061 4601 pu·
1112 4531 1233 4585 culum.
1373 4539 1377 4546 ·
1964 4574 1971 4589 .

211 4594 410 4665 blicationes,
439 4616 457 4655 a
485 4598 594 4671 quihus
621 4596 797 4657 contraduri
827 4600 1060 4661 Matrimonium
1149 4600 1240 4670 Quod
1260 4597 1370 4657 attinet
1389 4598 1427 4657 ad
1447 4596 1607 4669 ministrum
1625 4598 1735 4660 secreti
1746 4599 1963 4670 Matrimonii,

212 4674 282 4747 sepe
302 4687 355 4748 per
376 4671 558 4732 malitiosam
581 4670 791 4745 suggessionem
823 4687 926 4746 petunt
944 4678 1061 4749 dispen-
1112 4680 1255 4733 volumus
1283 4670 1320 4730 ad
1348 4673 1379 4729 id
1398 4689 1505 4733 munus
1536 4677 1672 4748 deputari
1695 4676 1865 4735 Patoehum
1886 4678 1963 4737 alte·

212 4748 288 4806 sari.
321 4748 419 4817 Quam
439 4761 545 4815 caute,
566 4744 747 4822 solerterque
767 4762 903 4823 oporteat
923 4752 1009 4821 eain
1029 4770 1060 4809 re
1115 4746 1176 4807 rius
1203 4762 1241 4806 et
1267 4748 1537 4818 contrahentibus,
1561 4765 1655 4825 quent
1678 4751 1795 4809 ‘notitia
1825 4750 1964 4820 persona·

207 4822 372 4895 Episcopus
391 4818 523 4889 versari,
553 4836 612 4879 non
629 4822 754 4880 obscura
774 4823 857 4881 vobis
884 4842 901 4883 a
919 4823 1060 4883 Concilio
1112 4822 1433 4894 rumi·e¹l>²si0blis¹s
1447 4824 1488 4882 ·&
1506 4825 1661 4883 diuturnus
1680 4838 1778 4882 serum
1800 4825 1866 4882 usus
1887 4842 1964 4899 quo·

208 4895 394 4954 'sridentino
413 4894 590 4953 exhibentur
609 4894 803 4967 argumenta.
840 4896 870 4955 Si
890 4900 968 4955 enim
989 4901 1059 4971 (ait
1112 4894 1159 4953 uis
1178 4896 1338 4955 Sacerdote
1357 4909 1501 4957 extraneo
1520 4900 1692 4973 peritiorem
1714 4898 1840 4957 ess'ecisse
1861 4901 1963 4970 presu-

206 4970 310 5028 eadem
332 4964 432 5027 sansia
450 4966 608 5101 Synodus?
636 4970 804 5043 probabilis
822 4972 912 5029 suerit
932 4972 1057 5042 suspicio
1111 4983 1250 5030 utuntur.
1286 4970 1318 5030 Si
1339 4984 1403 5046 quo
1422 4984 1524 5032 tamen
1555 4974 1813 5032 vobisoecurrant
1833 4975 1962 5032 circum·

208 5044 442 5103 Matrimonium
465 5042 612 5101 malitioe
629 5042 769 5115 impediti
788 5043 888 5119 posse,
908 5042 1057 5115 sipreces·
1109 5040 1239 5114 stantiae,
1258 5062 1322 5121 qua
1341 5046 1432 5105 alium
1452 5047 1642 5107 Sacerdotem
1665 5052 1735 5106 ioco
1753 5048 1888 5106 Perochi
1910 5065 1961 5106 ex·

204 5118 295 5175 serint
326 5116 592 5191 denunciationem
625 5130 696 5175 tunc
717 5118 767 5176 vei
791 5133 847 5175 una
867 5130 982 5176 tantum
1006 5122 1058 5178 ile·¹
1108 5119 1228 5189 poscere
1248 5119 1425 5195 videantur3
1446 5124 1532 5194 gravi
1554 5124 1728 5193 impellente
1748 5120 1853 5188 causa,
1873 5121 1963 5180 risi,

200 5192 357 5251 nunciatio
375 5189 450 5260 liat,
470 5193 518 5253 ves
541 5192 643 5249 saltem
656 5192 812 5260 Patocho,
832 5192 858 5249 dc
878 5192 990 5251 duobus
1009 5209 1055 5254 re·
1106 5193 1212 5251 cerdos
1232 5210 1251 5251 a
1270 5192 1353 5253 vobis
1372 5196 1519 5269 eligatur,
1539 5198 1592 5272 qui
1611 5196 1776 5267 probitate,
1804 5192 1831 5250 dt
1852 5192 1962 5253 dodis-

198 5264 738 5351 ilibus,praesentibusMatrimonium
758 5268 944 5345 celebretur,
963 5266 1060 5335 dide·¹
1105 5281 1166 5339 ua,
1192 5266 1221 5327 dr
1248 5269 1379 5331 obtundi
1409 5273 1549 5333 muneris·
1567 5269 1678 5344 peritia
1705 5269 1961 5400 commendfitur·

1887 5360 1918 5402 ni
