4425 5750
300 259 396 326 titi*

249 367 294 429 ab
307 369 508 432 ecclesalllcis
529 367 691 448 quibusque
712 372 858 434 Minillris
884 369 980 438 sanda
1003 372 1098 435 sardic
1148 411 1173 448 „
1193 373 1300 439 cerdon
1315 375 1426 448 nimir,
1442 377 1504 464 prs
1524 383 1603 446 allae
1618 385 1656 447 sd
1674 385 1997 450 consedinnesaudlen.

250 439 435 528 tradentur,
455 461 597 521 quantum
619 464 686 516 cum
697 445 828 508 Domino
847 447 1011 533 possumus,
1031 467 1098 524 pro·
1150 487 1173 523 „
1191 454 1244 508 das
1262 465 1321 511 nou
1338 456 1537 526 approbatus,
1555 449 1640 530 porse
1659 461 1857 521 nibilominus
1875 461 1996 536 ipsese.

250 517 354 577 videre
384 518 549 604 sordemus,
583 537 686 580 verum
716 523 808 580 etiam
840 525 918 592 leges
937 523 1033 594 ipsas„
1059 541 1096 584 nc
1149 562 1172 601 „
1193 523 1298 584 cerdos
1318 525 1438 601 simplex
1458 531 1666 593 consessionem
1687 537 1826 610 excipere
1857 555 1892 596 ac
1911 536 1993 594 abso-¹

248 591 329 652 sorte
348 591 464 654 finiliris
484 596 831 668 interpretationibus.iu
851 599 1025 658 alterutram
1045 617 1095 658 ea·
1147 637 1170 675 ,‚
1191 598 1336 664 lotionem
1362 604 1529 675 impertiri.
1572 608 1687 680 Porro,
1720 609 1839 674 sicasus
1859 611 1994 686 urgentis

249 677 377 753 tremant
398 679 603 752 partem,·aut
624 669 813 728 immoderati
833 670 963 744 rigoris,
982 667 1095 732 autde÷
1147 711 1170 748 „
1188 674 1338 747 qualitas,
1369 675 1625 740 &concurrentes
1652 683 1895 752 circumstantie,
1929 686 2023 758 qua·

248 737 391 803 teslabilts
424 745 559 802 latitatis
588 759 737 815 perperam
759 743 1011 817 detorqueantur,
1042 764 1093 819 op·
1147 785 1170 823 „
1189 748 1280 806 vitari
1298 765 1358 810 non
1417 750 1500 822 ffint,
1527 753 1675 827 ejusmodi
1701 759 1834 828 suerint,
1861 758 1995 816 utilius

247 830 373 886 portune
399 819 583 876 communire
613 835 648 874 ac
673 817 810 876 roborare
843 835 896 890 pro
918 819 1094 894 ,earumdem
1147 863 1170 897 „
1189 819 1369 884 Sacerdosa
1408 827 1584 890 audiendam
1602 830 1765 893 constitura
1794 829 1924 890 indisso
1943 847 1991 888 ar·

247 892 360 960 ruendo
380 891 503 964 vigore,
523 909 590 952 cuni
611 887 728 948 occasio
744 893 931 964 poposcerit,
953 909 1011 950 nnn
1023 911 1094 968 prai-

248 965 470 1030 termittimus.
508 966 581 1029 Sane
603 981 670 1027 cum
690 981 745 1045 nos
765 967 843 1026 alias
861 983 913 1039 per
933 969 1090 1042 quamdam

248 1037 668 1106 nollramconslitutionem,
698 1055 782 1112 cuius
811 1040 928 1100 initiunt
950 1039 991 1102 esi
1037 1043 1091 1100 sa·

248 1130 423 1172 munientem
463 1111 637 1180 nascentiae,
658 1127 735 1170 anno
755 1113 976 1174 iucarnationis
1015 1115 1090 1174 omi·

247 1189 322 1258 iiicae
343 1187 498 1244 milleimo
518 1185 774 1257 septingentesimo
794 1187 1020 1264 quadragesimo
1031 1188 1090 1262 pri·

246 1278 297 1318 ino
317 1259 567 1334 Kalendas·Junii
590 1259 786 1320 Pontificatus
809 1262 903 1320 ,noliri
932 1279 1009 1322 anno
1032 1263 1090 1336 pri·

245 1350 296 1390 mn
315 1335 427 1390 eduam
448 1331 608 1404 omnibus,
628 1334 655 1392 a
675 1334 792 1408 fingulis
800 1335 1007 1396 Sacerdotibus
1026 1351 1087 1396 tam

242 1404 440 1478 secularibus,
473 1425 561 1482 quam
593 1411 775 1482 regularibus
804 1409 1035 1484 interdiximus,
1062 1409 1089 1472 dc

242 1483 469 1554 prohibuimus,
501 1502 534 1538 ne
555 1481 668 1556 aliquis
685 1503 797 1552 eorum,
817 1501 902 1543 erma
922 1489 1021 1553 casum
1038 1501 1089 1542 esti

244 1571 338 1630 treme
356 1557 544 1626 uereffiraris,
573 1557 711 1616 vinorum
728 1557 760 1616 r'n
779 1559 866 1632 i'pfius
894 1557 995 1616 martir
1012 1555 1088 1617 arri·

244 1635 330 1698 cuso,
350 1636 381 1688 ss·
401 1629 547 1700 deficiente
566 1647 634 1690 tunc
653 1641 826 1704 quocumque
845 1631 1090 1704 nlioSeccrdore,

164 1750 167 1760 .
263 1703 297 1765 rii
315 1703 488 1776 Confeffart'i
518 1724 621 1764 muniis
647 1705 720 1764 obire
743 1707 840 1780 pollii,
869 1704 1088 1770 consessionem

243 1723 497 1858 {aeramenti-ilem
517 1779 642 1850 perlbnae
661 1779 815 1853 complicis
835 1782 866 1838 in
887 1792 1013 1856 peccato
1029 1794 1091 1845 tur·

242 1854 275 1926 pi
299 1866 389 1930 atque
406 1848 584 1921 inhonesto,
604 1865 711 1913 contra
726 1855 838 1913 sextum
852 1855 999 1928 Decalogi
1021 1869 1090 1926 pra·

243 1939 362 2001 ceptum
383 1925 555 1999 commisso,
575 1928 711 2000 excipere
731 1927 874 2004 auderet3
909 1929 988 1994 itaut
1007 1929 1093 2004 abso,

244 2000 346 2084 lusio,
376 1999 395 2058 si
412 2015 504 2133 auam
524 2001 753 2074 impertivisset,
773 2007 876 2076 nulla,
896 2016 984 2076 atque
1003 2003 1094 2068 irrita'

129 2107 134 2116 ·
242 2078 366 2145 omnino
394 2094 409 2136 e
434 2089 483 2144 et,
516 2087 656 2150 tanquam
686 2075 841 2147 imperuim
868 2075 1089 2148 aSecerilote,

243 2147 540 2228 quijurisdilllone,
559 2149 586 2208 di
605 2152 749 2209 facultate
769 2150 806 2210 ad
826 2149 924 2211 valide
936 2150 1087 2211 absolven-

243 2227 313 2283 dum
335 2221 493 2284 necessaria
510 2223 562 2296 ipsi
581 2241 633 2296 pet
651 2241 705 2282 iios
726 2225 828 2298 vigore
857 2221 987 2302 ejusdem
1006 2223 1091 2284 Gon·¹

242 2295 405 2360 stitutionis
436 2297 574 2371 adempta
621 2295 733 2360 rivatus
764 2299 923 2370 existeret,
952 2297 981 2361 dt
1011 2301 1085 2358 alias

242 2386 329 2445 prout
348 2375 380 2430 in
399 2387 566 2432 memorata
613 2370 828 2444 onslitutione,
847 2375 931 2448 cujus
952 2387 1085 2434 tenorem

241 2447 427 2522 presentibus
448 2465 501 2521 pro
520 2451 626 2521 plene,
645 2446 672 2505 u
690 2447 868 2508 sufficienter
885 2447 1040 2522 erpreffo,
1059 2447 1086 2505 ἃ

239 2523 352 2584 inserto
373 2523 476 2581 haberi
495 2525 654 2590 volumus,
685 2521 803 2583 uberius
822 2523 934 2582 dicitur
953 2524 1086 2580 contine·

242 2597 286 2656 ri.
326 2595 402 2656 Cum
424 2613 483 2654 nos.
496 2594 616 2655 subinde
636 2597 718 2668 super
735 2615 774 2658 ea
794 2595 875 2668 disin
893 2595 1089 2657 Constitutio,

242 2670 289 2732 nis
308 2669 410 2743 pnrt'e,
452 2687 494 2729 ure
514 2672 620 2729 mortis
638 2671 796 2728 articulum
811 2671 950 2742 respicit,
971 2671 1087 2734 dubita-r

240 2745 342 2805 tiones
369 2687 512 2820 quasdam
545 2755 665 2804 exortas
695 2741 778 2825 luisse
798 2743 989 2826 accepimus,
1017 2760 1088 2816 qua,-

242 2835 308 2879 rum
329 2815 538 2880 resolutionem
560 2815 678 2892 privato
704 2817 845 2894 cujusque
866 2817 980 2891 iudicio
1001 2817 1089 2877 relin-

162 2951 163 2955 ,
243 2892 414 2969 quendam,
444 2896 566 2953 minime
593 2890 811 2959 exillimnnrus,
838 2904 877 2949 tie
895 2890 945 2954 leit
963 2892 1090 2966 incertis

244 2962 447 3042 coniesiuris,
477 2966 504 3025 ἃ
531 2967 730 3043 opinionibus.
751 2960 860 3041 iidata
887 2967 917 3023 in
946 2964 1042 3025 sensus
1072 2984 1089 3027 a

242 3057 345 3101 niente
364 3042 460 3100 nollra
477 3044 588 3101 alienos
607 3039 729 3101 forsitan
750 3038 948 3109 distrahatur,
968 3040 1090 3115 ejusque

242 3118 330 3189 vigor
349 3114 492 3189 paulatim
515 3119 675 3189 langueat,
695 3128 785 3191 atque
805 3128 986 3175 enervetur:
1017 3116 1088 3173 liinc

245 3190 304 3259 eli,
323 3190 402 3267 quod
422 3206 474 3251 nos
493 3204 611 3249 omnem
625 3188 788 3249 dubitandi
809 3190 975 3257 rationem,
997 3204 1090 3262 quan·

243 3278 308 3339 runi
337 3282 405 3343 cum
426 3264 559 3323 Domino
587 3264 751 3337 possumus,
783 3264 819 3323 de
849 3264 949 3325 medio
974 3263 1097 3325 anferre.

244 3342 417 3412 cupientes,
438 3352 520 3397 motu
540 3337 678 3413 proprio,
699 3358 732 3399 ac
752 3357 796 3403 ex,
807 3350 890 3401 certa
901 3337 1041 3405 scientia„
1061 3336 1097 3394 dr.

243 3410 369 3473 illatura.
392 3412 607 3473 deliberatione
639 3413 741 3472 nollris
754 3450 764 3483 ,
796 3413 832 3471 de
853 3430 891 3473 ue
913 3410 1087 3483 apostatica

243 3486 395 3562 potestatis
414 3486 598 3561 plenitudine
618 3499 814 3547 memoratam
834 3431 1084 3556 ioniiitutionein

242 3562 369 3622 nostram
398 3578 464 3619 cuin
487 3562 644 3629 omnibus,
677 3560 703 3616 di
724 3560 843 3635 singulis
863 3560 894 3617 ln
915 3576 950 3617 ca
969 3574 1090 3619 conten.

241 3640 285 3697 tls
311 3634 412 3695 tenore
434 3634 613 3707 presentium
645 3646 791 3707 quatenus
810 3649 882 3705 opus
902 3630 955 3701 st,
981 3632 1088 3692 conlit-

243 3727 385 3779 mamus,
413 3712 558 3785 illamque
577 3709 714 3779 integre,
729 3708 869 3839 penitus,
900 3706 927 3765 di
946 3710 1087 3776 omnino,

244 3792 334 3864 a'tque
353 3786 390 3843 ab
414 3785 502 3853 aliis,
528 3783 564 3841 ad
578 3800 659 3859 ,quos
679 3782 724 3853 spe
757 3793 806 3849 at,
834 3780 861 3841 u
881 3798 934 3851 pro
952 3792 1087 3852 tempore

243 3858 489 3936 duandocunique
510 3855 670 3931 spesiabit,
690 3854 926 3921 inviolabiliter,
947 3854 1089 3915 &incon-

243 3934 319 4007 cusse
340 3932 489 3991 observari
511 3932 717 4003 precipimus,
736 3930 763 3987 dr
783 3928 973 3990 mandamus.
1014 3932 1090 3991 Pra-

244 4022 327 4067 terea
347 4008 448 4065 habita
469 4006 551 4075 super
564 4006 616 4063 ,bis
637 4020 704 4061 cum
725 4000 1016 4063 VenerabiliFratre
1038 4021 1090 4061 no·

243 4078 303 4143 slr'o
322 4080 488 4143 Vincentio
507 4076 653 4153 Episcopo
676 4074 958 4139 Ptenelli'nosanslae
976 4076 1085 4139 Roma·

243 4170 287 4217 nn
307 4152 443 4223 Ecclesia
461 4152 616 4213 Cardinali
637 4150 727 4214 Petra
746 4164 914 4221 nuncupato
936 4152 1087 4211 Poeniren-

244 4230 338 4293 tisrio
358 4224 454 4287 nolito
475 4226 603 4357 creperi,
624 4242 657 4287 ec
677 4224 793 4285 dileslis
812 4224 882 4283 liliis
902 4223 1004 4285 officii
1023 4228 1091 4292 Poe-

244 4304 425 4371 n'itentiarie
451 4300 520 4374 Apo
544 4298 819 4369 olicnlvlinilliis,
846 4300 899 4375 qui
928 4317 990 4363 rem
1017 4296 1089 4374 iussu

245 4378 343 4439 muro
363 4389 475 4435 mature
494 4375 731 4447 perpenderunt,
765 4373 998 4442 deliberatione,
1027 4392 1088 4432 mo-

244 4444 298 4521 t'ii,
319 4452 459 4518 scientia,
478 4450 505 4509 tt
525 4446 674 4520 potestatis
695 4449 879 4519 plenitudine
891 4450 1025 4519 paribus,
1046 4450 1090 4507 di·

245 4530 361 4592 cimus,
381 4542 415 4589 ac
435 4526 618 4586 declaramus
638 4523 742 4580 eadem
765 4558 786 4589 „
805 4521 1022 4581 Constitutione
1038 4522 1090 4581 sin·

246 4640 269 4674 ‚,
289 4601 389 4672 gulis,
409 4610 439 4654 ut
461 4598 564 4668 supra,
583 4595 819 4664 Sacerdotibus,
837 4597 1088 4679 quemadmodum

248 4712 270 4745 „
289 4670 475 4731 interdislum
506 4686 565 4729 non
593 4666 807 4729 euremarus
832 4673 961 4729 articulo
993 4672 1090 4741 perso·

246 4786 270 4818 „
289 4760 356 4803 nam
378 4744 407 4801 in
428 4743 564 4816 pradisio
583 4746 661 4817 turpi
680 4757 803 4817 peccate
821 4746 997 4817 complicem
1019 4759 1089 4803 con·

249 4816 271 4891 ,',
291 4818 423 4878 litantem
455 4818 579 4888 andire,
610 4832 700 4894 atque
719 4819 754 4877 ab
776 4817 943 4892 hujusmodi
972 4834 1089 4892 quoque

247 4932 270 4965 „
289 4896 375 4965 culpa
395 4896 453 4951 rite
472 4896 631 4953 contritam
655 4894 829 4961 absolvere,
851 4890 1091 4949 deficienteiunc

1147 937 1169 972 „
1190 899 1285 955 riculo
1311 899 1437 972 persone
1455 901 1662 964 consessionem
1684 907 1808 974 vocari,
1835 919 1887 965 aut
1906 919 1993 964 acce·

1146 1013 1168 1046 „
1188 969 1257 1029 dere
1287 972 1345 1033 sne
1365 975 1449 1048 gravi
1468 979 1573 1054 aliqua
1591 981 1742 1047 mentera
1761 979 1911 1046 insaniis,
1940 975 1993 1040 rel

1144 1088 1166 1118 ,‚
1188 1038 1323 1129 scandalo
1342 1061 1494 1124 nequeat,
1526 1065 1602 1114 tusc.
1614 1055 1707 1116 alium
1727 1053 1919 1116 Sacerdotem
1942 1067 1993 1123 pe·

1144 1161 1166 1192 ‚,
1188 1119 1272 1178 riade
1300 1121 1425 1189 umen.
1453 1126 1625 1203 censerique
1653 1127 1751 1200 posse,
1784 1144 1818 1188 ac
1847 1127 1992 1184 firevern

1143 1230 1165 1267 „
1184 1191 1310 1262 abeffet,
1330 1208 1422 1269 atquc
1434 1195 1605 1269 deficeret,
1624 1210 1674 1262 ‘ac
1692 1201 1815 1273 proinde
1834 1198 1868 1258 in
1887 1219 1924 1258 eo
1945 1217 1990 1256 re·

1143 1305 1165 1340 ‚,
1184 1281 1250 1352 rum
1281 1264 1368 1328 ilntu.
1382 1285 1443 1328 non
1464 1273 1614 1342 prohiberi
1633 1276 1716 1334 socio
1734 1276 1871 1336 criminis
1889 1275 1991 1334 sicer-

1143 1380 1165 1413 „
1184 1338 1250 1423 doti
1269 1341 1485 1428 &solationem
1505 1348 1664 1416 paenitenti
1676 1350 1719 1409 ‚rb
1735 1365 1911 1425 corquoque
1929 1346 1989 1406 cri·

1142 1428 1271 1496 ,utine
1284 1428 1455 1486 impertiri,
1483 1419 1684 1482 Seminarium
1706 1425 1845 1495 complex
1863 1421 1992 1495 ejusmo-

1142 1527 1164 1559 „
1183 1486 1213 1570 di
1233 1486 1396 1554 Sacerdos,
1416 1491 1444 1546 di
1461 1492 1541 1550 serio
1554 1493 1800 1564 animadvertat,
1827 1495 1892 1558 sote
1910 1495 1938 1557 sc
1959 1510 1994 1550 re

1141 1601 1164 1632 „
1182 1559 1244 1630 ipsa
1260 1567 1361 1644 sorani
1378 1559 1466 1632 Deo,
1485 1566 1537 1639 qui
1554 1562 1674 1630 irrideri
1694 1583 1752 1626 non
1773 1566 1885 1638 poseli,
1904 1579 1989 1624 reum

1141 1673 1164 1707 „
1182 1651 1283 1705 mavis
1303 1635 1440 1695 adversus
1459 1635 1627 1708 predislain
1648 1639 1777 1702 nollreni
1795 1638 1991 1702 Constitutio-

1143 1747 1165 1781 „
1184 1724 1250 1792 nem
1271 1707 1499 1795 inobedientia,
1530 1713 1657 1797 larisque
1678 1717 1708 1772 in
1729 1732 1766 1772 ea
1784 1715 1880 1784 poenis
1897 1714 1991 1796 obito·

1142 1821 1165 1855 „
1185 1797 1288 1852 rium,
1314 1782 1334 1839 si
1348 1781 1495 1854 pressisset
1513 1787 1663 1856 infamia,
1690 1800 1742 1848 ant
1762 1788 1893 1848 scandali
1912 1803 1990 1857 peti·

1143 1896 1164 1930 „
1184 1855 1334 1942 ‘culassbi
1353 1859 1432 1917 ultro
1452 1859 1515 1931 ipse
1532 1857 1709 1934 confingat,
1740 1862 1790 1923 ubi
1818 1877 1878 1918 non
1897 1861 1987 1922 sunt:-

1142 1970 1165 2002 „
1181 1946 1245 2013 rino
1262 1931 1548 2017 interseruimus
1568 1935 1596 1994 se
1608 1931 1926 2008 ‚graviterbuiusmodi
1940 1949 1992 2005 pe·

1142 2043 1164 2079 „
1184 2007 1301 2074 ricula,
1332 2019 1474 2080 wantum
1494 2023 1535 2071 ni.
1550 2009 1577 2070 se
1597 2009 1654 2070 erit
1668 2047 1678 2078 ,
1691 2020 1914 2078 antevertere„
1937 2007 1989 2066 vel

1141 2117 1163 2150 „
1183 2095 1341 2138 removere
1368 2082 1545 2154 opportunis
1571 2082 1714 2146 adhibitis
1742 2081 1879 2153 medus,
1912 2081 1990 2142 uude

1140 2193 1161 2225 „
1181 2149 1254 2222 fiat,
1276 2165 1309 2216 ut
1328 2155 1417 2215 alteri
1436 2158 1535 2223 cuivis
1553 2156 1709 2219 Sacerdoti
1728 2160 1813 2220 locos
1830 2168 1931 2228 satem
1951 2155 1988 2212 il·

1139 2266 1161 2299 „
1182 2227 1237 2284 lius
1254 2222 1440 2291 'consessione
1458 2228 1566 2303 absque
1579 2233 1668 2296 ullius
1679 2231 1826 2299 snsamin,
1847 2232 1895 2289 vel
1905 2228 1988 2288 scari·

1139 2341 1161 2374 „
1180 2301 1248 2368 delo
1267 2301 1436 2365 audienda.
1473 2301 1622 2367 luserim
1650 2307 1744 2378 ipsum
1764 2305 1860 2368 teneri
1878 2304 1988 2376 vigore

1139 2414 1160 2447 „
1180 2390 1349 2437 memorate
1369 2376 1469 2441 nostre
1487 2377 1939 2444 enneacaidecaeterida,
1958 2374 1987 2432 de

1139 2489 1161 2520 ,‚
1180 2466 1257 2508 nune
1285 2468 1403 2526 quoque
1431 2454 1477 2516 ita
1501 2454 1554 2526 ipsi
1581 2456 1750 2518 saciendum
1779 2453 1835 2514 esse
1855 2447 1987 2510 distrios

1139 2524 1371 2594 „,mandamus,
1398 2526 1652 2598 &precipitatum
1688 2529 1816 2596 Quodsi
1837 2526 1915 2584 idem
1936 2521 1987 2582 Sa·

1139 2634 1162 2666 „
1180 2599 1288 2656 cordos
1305 2611 1356 2654 aut
1377 2601 1483 2669 quovis
1505 2599 1671 2658 moilo'sese
1690 2603 1773 2656 nulla
1792 2595 1992 2668 pervicaces.

1140 2707 1161 2738 „
1180 2669 1263 2728 sitam
1290 2669 1457 2740 compulsus
1487 2670 1658 2738 ingesserit,
1686 2681 1737 2729 ant
1765 2672 1813 2728 ubi
1833 2668 1997 2746 infamiae,

1141 2779 1163 2812 „
1182 2742 1230 2798 vel
1250 2740 1379 2812 scandali
1397 2742 1561 2814 periculum
1582 2744 1724 2812 timetur,
1754 2741 1773 2800 si
1794 2743 1917 2803 alterius
1936 2741 1988 2802 saa

1142 2853 1165 2886 „
1183 2814 1313 2878 cerdotis
1331 2833 1422 2890 opera
1443 2817 1631 2891 requirenda.
1643 2815 1698 2885 sit,
1719 2816 1779 2890 ipse
1799 2818 1837 2881 ad
1856 2814 1890 2874 id
1909 2817 1987 2888 iteri·

1142 2928 1164 2959 „
1182 2892 1281 2949 culum
1303 2889 1497 2955 avertendum
1512 2890 1646 2964 'congrua
1665 2892 1765 2953 media
1784 2892 1927 2953 adhibere
1946 2891 1987 2950 dr

1141 3001 1163 3035 „
1182 2962 1322 3028 industrie
1343 2968 1528 3041 neglexerit,
1559 2979 1648 3043 atque
1667 2969 1713 3031 ita
1733 2970 1859 3040 persona
1888 2964 1986 3035 indi·

1141 3077 1163 3109 „
1181 3034 1229 3098 tto
1256 3041 1380 3099 crimine
1408 3042 1762 3115 complicis,.,eoque.in
1779 3041 1925 3108 articulo,
1954 3045 1989 3097 ut

1142 3151 1164 3184 ‚,
1184 3112 1355 3190 presentat,
1386 3114 1549 3179 constitum
1564 3116 1814 3178 sacramentalem
1834 3111 1989 3176 conscilio·

1142 3226 1164 3259 „
1184 3202 1251 3247 neni
1270 3189 1408 3261 excipere
1423 3228 1442 3258 ,.
1460 3192 1497 3252 ab
1516 3208 1610 3265 eoque
1629 3191 1754 3249 crimine
1772 3190 1988 3253 absolutionem

1142 3300 1168 3333 „
1183 3262 1284 3335 largiri
1297 3266 1399 3333 nulla,
1419 3264 1491 3323 scut
1510 3266 1719 3336 premittitur,
1736 3266 1896 3341 necessaria
1908 3280 1997 3343 ‚caus

1142 3375 1163 3407 ‚,
1183 3338 1213 3394 sa
1238 3350 1365 3409 cogente
1392 3338 1626 3410 presumpserit,
1657 3342 1795 3413 quamvis
1815 3338 1986 3413 hujusmodl

1140 3447 1162 3481 „
1182 3410 1328 3474 absolutio
1348 3412 1450 3473 valida
1469 3412 1570 3471 sutura
1589 3415 1648 3483 sit,
1668 3414 1830 3471 dummodo
1850 3431 1892 3473 eir
1905 3424 2000 3485 parte,

1139 3522 1162 3559 „
1182 3487 1354 3619 poenitentis
1385 3486 1590 3559 dispositiones
1618 3486 1771 3548 aChrillo
1790 3488 1921 3547 Domino
1949 3482 1989 3545 ad

1142 3596 1164 3629 „
1205 3562 1367 3620 aeramenti
1388 3562 1570 3633 poeniientiat
1601 3564 1732 3622 valorem
1752 3562 1898 3637 requifita
1925 3576 1987 3621 non

1141 3670 1163 3705 „
1182 3634 1330 3693 desucrlnt
1342 3655 1349 3695 ι
1363 3687 1367 3695 ,
1382 3634 1468 3707 (ιιοιι
1487 3632 1669 3695 intendimus
1689 3651 1788 3696 aurem
1809 3655 1863 3707 pro
1883 3635 1987 3693 sormi·

1141 3746 1162 3779 „
1183 3708 1281 3765 dando
1307 3710 1412 3774 mortis
1440 3712 1569 3767 articulo
1595 3711 1692 3775 eidem
1714 3710 1867 3771 Sacerdoti
1895 3720 1987 3783 quaa·

1142 3820 1163 3852 „
1180 3783 1293 3840 tuturis
1324 3781 1448 3856 indigno
1469 3783 1660 3849 necessariam
1682 3783 1915 3857 jurisdislionera
1936 3799 1989 3840 au·

1140 3894 1163 3925 „
1183 3857 1280 3924 serre,
1311 3872 1348 3916 ne
1365 3859 1423 3917 liac
1444 3858 1503 3929 ipsa
1522 3859 1674 3919 occasione
1703 3857 1810 3928 aliquis
1829 3865 1930 3939 pereat
1949 3858 1985 3929 >e

1142 3967 1163 3999 „
1182 3929 1373 3987 nibilominus
1392 3932 1536 3991 Sacerdos
1554 3932 1613 4001 ipse
1634 3932 1753 3987 violata
1774 3930 1843 3984 aulii
1861 3928 1989 3994 eiusmo-

1142 4040 1163 4072 „
1183 4004 1213 4061 di
1233 4002 1395 4063 temerario
1413 4007 1487 4075 legis
1506 4019 1608 4076 poenas
1634 4016 1820 4075 nequaquam
1840 4000 1989 4073 eflugiete

1141 4114 1165 4146 „
1182 4094 1216 4136 ac
1236 4090 1393 4153 propterea
1415 4080 1507 4137 latam
1537 4078 1568 4130 in
1587 4072 1665 4132 ditia
1682 4074 1901 4133 Constitutione
1923 4092 1986 4133 ma·

1144 4189 1165 4221 „
1187 4152 1280 4223 iorem
1308 4150 1677 4216 excommunicationem„
1704 4151 1869 4225 eodemque
1898 4156 1986 4221 plane

1144 4264 1165 4295 „
1185 4228 1296 4295 modo,
1323 4242 1382 4301 quo
1400 4224 1510 4281 ibidem
1531 4221 1721 4292 decernitur,
1748 4225 1852 4291 nobis,
1870 4224 1896 4281 ἃ
1915 4224 1987 4281 huic

1141 4337 1164 4369 „
1183 4298 1282 4360 sanila
1301 4299 1369 4357 Sedi
1401 4296 1583 4364 reservatam
1612 4296 1764 4365 incurrat,
1791 4310 1879 4371 prout
1898 4297 1999 4369 illuni·

1142 4410 1165 4443 ‚,
1185 4392 1221 4433 eo
1243 4372 1305 4445 ipso
1323 4374 1473 4429 incurrere
1495 4368 1701 4441 declaramus,
1721 4375 1876 4441 volumus,
1897 4384 1988 4447 atque

1143 4485 1166 4516 „
1184 4444 1357 4505 llatuimus.
1386 4442 1457 4501 Non
1475 4442 1653 4505 obsiantibus
1672 4447 1826 4512 omnibus,
1847 4446 1873 4503 dc
1893 4445 1987 4517 singu-¹

1143 4557 1165 4590 „
1184 4522 1221 4579 lii
1240 4518 1322 4585 illis,
1351 4533 1415 4593 qua
1440 4518 1473 4573 in
1502 4520 1622 4591 prasate
1651 4520 1748 4587 nostra
1766 4520 1988 4579 Constitutione

1143 4630 1166 4662 „
1187 4592 1334 4652 voluimus
1355 4608 1414 4649 non
1423 4590 1555 4661 obliare,
1575 4595 1740 4668 ceterisque
1753 4592 1911 4657 contrariis
1922 4594 1988 4667 qui·

1144 4704 1165 4734 ,‚
1184 4667 1361 4739 biiscumquc
1381 4672 1421 4726 “.
1452 4667 1600 4727 Volumus
1621 4681 1742 4736 autem,
1761 4679 1794 4725 ut
1814 4668 1988 4729 earumdem

1142 4740 1323 4811 presentium
1334 4740 1503 4804 Literarum
1523 4742 1694 4808 transumris
1714 4741 1762 4799 seu
1781 4742 1925 4812 exemplis
1945 4751 1991 4798 et·

1144 4816 1204 4870 iarn
1225 4811 1366 4886 impreslis
1387 4830 1475 4873 manu
1503 4816 1631 4889 alicujus
1651 4816 1771 4875 Notarii
1793 4816 1905 4888 publici
1925 4815 1988 4871 sub·

1145 4887 1312 4957 scriptin&
1333 4888 1574 4963 sigilloperlona
1592 4890 1623 4948 iu
1633 4889 1825 4949 ecclesiastica
1839 4889 1990 4959 dignitate

247 4984 465 5041 „quocunque
485 4970 544 5031 alio
564 4968 743 5039 Sacerdote,
763 4967 814 5041 qui
833 4964 1009 5032 confessarii
1029 4980 1093 5023 mu·
1145 4958 1309 5019 conilitutae
1329 4960 1563 5029 munitiseadem
1580 4962 1697 5036 prorsus
1718 4963 1790 5024 fides
1810 4964 1840 5029 in
1862 4960 2005 5039 judicio,

249 5078 271 5112 „
291 5054 344 5099 nus
363 5042 444 5103 obire
464 5040 565 5115 posfit,
595 5044 639 5101 ita
659 5040 799 5103 interdici
820 5056 851 5095 re
870 5038 951 5110 ipsa,
982 5036 1094 5108 &pro-
1145 5032 1477 5111 &eirraillurlabiquc
1496 5041 1631 5100 locorum
1652 5038 1879 5109 habeatur,qua
1898 5037 1989 5093 babe-

247 5152 270 5189 „
290 5116 385 5179 hiberi
408 5115 543 5189 predisio
564 5116 654 5177 modo
673 5129 745 5174 tunc
766 5112 889 5179 audire,
915 5111 942 5167 di
962 5110 1093 5169 absolve·
1145 5122 1226 5164 retur
1244 5108 1310 5181 ipsis
1330 5110 1514 5180 presentibus
1525 5152 1535 5183 ,
1556 5112 1576 5171 si
1594 5113 1691 5171 sorent
1710 5110 1869 5191 exhibita,
1890 5111 1989 5165 velo·

248 5226 271 5260 „
290 5205 341 5258 re,
373 5202 405 5248 ut
426 5190 445 5249 si
465 5192 539 5249 alius
560 5190 668 5263 aliquis
688 5186 834 5247 Sacerdos
862 5202 920 5241 noir
941 5182 1091 5256 desuerit,
1151 5180 1257 5241 slensa.
1276 5182 1387 5243 Datum
1403 5186 1508 5243 Romae
1527 5186 1602 5259 apud
1622 5182 1745 5243 sansimn
1768 5182 1898 5240 Mariam
1920 5180 2002 5242 Ma·'

246 5298 268 5335 „
288 5262 403 5326 etiamsi
420 5262 496 5349 sorte
518 5262 571 5333 ille
592 5264 668 5323 alius
689 5260 810 5333 smplei
830 5258 1035 5323 tantummodo
1045 5258 1094 5320 Sa·
1150 5255 1243 5330 iorem
1263 5256 1312 5318 sub
1333 5262 1441 5319 annulo
1460 5260 1626 5320 Piscatoris
1641 5258 1690 5316 die
1709 5254 1815 5317 ociava
1835 5254 1992 5389 Feppparii

253 5344 257 5355 .
1932 5347 1952 5385 0
1989 5348 2007 5358 ..
