4425 5750
907 224 1053 305 Monte
1079 221 1266 324 systema:
1855 243 1897 320 13
1929 216 1932 219 ’

260 365 327 422 ecto
347 347 520 412 servandam
541 351 656 418 teneri,
683 351 735 410 nist
759 349 811 409 iiie
830 361 862 408 ut
881 363 964 410 certe
982 351 1072 410 alicui
1124 352 1264 412 surdum:
1285 349 1456 425 Plerumque
1472 349 1625 428 (scribit)
1643 349 1705 420 eset
1719 349 1863 420 future,
1884 365 1938 404 non

261 419 485 482 maniseiietur.
525 424 624 484 Pofito
644 427 747 492 euim,
774 435 807 482 ut
826 425 973 493 vidimus,
992 423 1071 498 quod
1123 424 1309 493 voluntatis,
1335 427 1412 498 qued
1427 424 1553 482 hemines
1566 437 1702 499 peccent,
1729 427 1778 480 oet
1798 441 1851 479 non
1866 433 1933 494 pec·

264 497 311 554 iet
340 495 500 556 necessario
518 495 558 554 eii
579 497 792 570 promulganda
824 509 856 554 ut
879 497 1021 570 obliget,
1052 496 1072 554 st
1124 513 1207 567 cent,
1222 510 1310 571 prout
1326 495 1467 555 videlicet
1485 497 1539 567 id,
1557 500 1633 571 quod
1650 518 1669 553 a
1689 511 1762 564 unt,
1779 493 1934 564 esscoefor·

260 569 465 642 promulgatur
483 573 533 630 iet
552 569 660 640 dubia,
680 571 913 645 promulgabitur
929 571 1072 629 duntaxat
1124 589 1167 628 me
1192 575 1241 630 vei
1262 570 1382 640 diforme
1405 569 1470 646 juri
1495 568 1667 628 naturalia
1710 570 1754 625 eis
1778 567 1933 641 ignorato,-

260 641 402 708 dubium,
420 645 543 717 opinio,
562 641 620 702 sive
637 643 773 720 questio,
789 663 829 704 an
848 645 921 702 adsit
940 645 989 702 iet
1007 661 1073 715 pro·
1123 647 1199 718 quod
1217 643 1307 702 etiem
1324 643 1548 712 etsurdiffineune
1565 645 1625 712 eli,
1650 661 1716 701 eunt
1732 661 1805 701 oete
1822 644 1853 698 <t
1866 641 1934 721 soie

258 714 363 774 bibens
383 711 527 776 aaronem
549 753 559 785 ,
587 717 635 776 sed
664 734 722 776 non
742 718 976 790 promulgabitur
996 720 1072 777 lert.
1124 715 1338 791 eeusapeecete'
1350 715 1536 786 sitvotuneee
1554 731 1672 782 cretea,
1691 731 1726 772 ιιι
1743 711 1935 789 operanedrf·

260 785 341 848 Hinc
359 805 462 848 omnes
494 790 531 848 ad
553 789 732 850 asserendum
753 793 965 859 conueniunt,
992 790 1073 865 quod
1120 789 1255 861 {cmiter
1271 792 1311 849 ad
1336 792 1455 862 regusar
1470 809 1609 850 erocum.
1644 789 1716 848 Gon.
1735 788 1933 864 inciypteo.

261 861 329 928 iet,
358 875 390 920 ut
411 863 544 936 obliget,
567 864 652 922 debet
671 865 726 924 esse
744 878 826 924 certa
844 882 878 924 ac
898 863 1072 933 maniseiia,
1126 881 1152 941 3.
1173 879 1212 923 to.
1225 881 1253 940 3.
1270 861 1358 935 Disp.
1373 881 1398 920 t.
1417 879 1517 933 ert.4.
1535 865 1561 935 §.
1577 882 1602 922 a.
1622 869 1712 933 n.48.

261 932 407 1010 debetque
428 938 471 994 uti
499 946 580 995 certa
601 937 777 996 manifestari
805 939 861 995 five
889 938 1072 997 innotescere
1161 938 1245 996 Idem
1266 937 1358 995 tradit
1373 932 1492 1010 Sylvius
1510 935 1642 994 dicent:
1674 935 1838 994 Aiiualieer
1864 947 1937 1016 tunc

260 1008 399 1076 homini,
419 1012 467 1070 cui
487 1012 690 1082 promulgatur
710 1052 718 1071 .
759 1011 925 1070 Audiamus
943 1012 973 1068 id
992 1011 1072 1086 quod
1123 1011 1221 1087 (iet)
1238 1009 1395 1083 unicuique
1409 1013 1637 1094 promulgetur,
1664 1011 1778 1082 quando
1795 1007 1935 1081 eognere'o·

260 1081 458 1142 communiter
476 1083 613 1156 inquiunt
632 1083 774 1142 Dodores
805 1085 889 1156 super
912 1087 991 1142 hanc
1011 1086 1073 1142 sen·
1123 1105 1187 1142 nem
1205 1107 1225 1142 e
1238 1085 1300 1143 Deo
1317 1083 1429 1158 accipet
1446 1081 1617 1151 ditiantern,
1636 1085 1712 1154 quod
1726 1082 1815 1154 juxto
1832 1079 1935 1135 retiam

258 1155 405 1224 tentiam,
424 1155 482 1214 sive
503 1157 585 1228 super
602 1158 660 1215 hoc
673 1159 876 1230 Principium,
896 1157 975 1231 quod
995 1158 1073 1216 inter
1122 1158 1262 1216 rationem
1270 1159 1309 1227 fit
1320 1156 1561 1230 ampseiiendum
1579 1159 1628 1212 oei
1636 1154 1831 1227 fugiendum.
1851 1153 1935 1235 ipro.

260 1229 336 1288 aiios
356 1230 484 1288 maxime
504 1230 599 1291 tradit
615 1227 653 1286 D.
663 1229 820 1294 Thomas,
841 1241 930 1304 atque
947 1231 1071 1302 probat.
1123 1229 1156 1287 in
1177 1249 1201 1290 t.
1214 1249 1239 1289 e.
1258 1248 1364 1302 quon.
1384 1245 1442 1289 ort.
1450 1249 1479 1302 4.
1497 1227 1530 1285 in
1545 1230 1595 1298 fin.
1615 1227 1687 1286 Non
1703 1238 1822 1285 tenetur
1841 1226 1934 1296 igitur

259 1297 289 1360 S.
309 1301 434 1360 Isidorus
463 1303 540 1358 inter
564 1301 752 1359 conditiones
784 1303 858 1373 tegis
878 1315 910 1360 ut
935 1303 1070 1374 obtiget,
1123 1303 1189 1377 quis
1208 1303 1246 1364 ad
1264 1305 1382 1376 ingeni,
1400 1301 1453 1360 nifi
1472 1317 1536 1360 eam
1558 1298 1643 1376 jutta
1660 1297 1770 1358 retiam
1790 1300 1936 1358 rationem

260 1373 303 1430 ait
325 1377 422 1446 segem
443 1374 549 1432 debere
569 1371 625 1432 esse
642 1374 843 1434 manifestam.
880 1375 929 1434 Ita
948 1377 1074 1434 babetur
1123 1377 1285 1448 cognoscet
1303 1376 1359 1434 esse
1377 1375 1540 1436 necessario
1558 1372 1813 1446 enpieeeendem.
1848 1369 1933 1427 Idem

261 1440 291 1502 in
311 1445 384 1504 Can.
405 1446 473 1504 Erit
492 1463 588 1504 eurem
605 1445 678 1514 Diti.
695 1468 723 1516 4·
744 1449 811 1504 Erit
828 1462 925 1503 eutem
943 1451 992 1508 see
1010 1467 1071 1504 ma·
1122 1449 1216 1504 trudit
1236 1447 1411 1517 Fuieentiut
1429 1448 1618 1514 Cuuiiiatus,
1637 1448 1696 1503 hoc
1719 1447 1850 1503 absolute
1869 1457 1938 1515 pro·

262 1519 367 1586 nifelia
385 1522 439 1576 de.
463 1517 557 1592 quue
577 1531 689 1574 certum
712 1517 751 1574 est
770 1520 861 1576 etiam
884 1521 915 1586 in
936 1519 1000 1590 jure
1019 1521 1070 1578 Ci·
1122 1521 1250 1576 serente
1280 1519 1367 1592 Legis
1386 1520 1545 1576 violatores
1561 1539 1616 1576 non
1629 1523 1704 1586 sunt
1728 1517 1800 1587 iiii,
1828 1517 1937 1589 quibus

260 1589 342 1656 viii,
371 1600 404 1646 ut
424 1599 505 1660 patet
523 1606 561 1646 ea
580 1589 729 1664 Antheut.
759 1589 879 1668 Quibus
896 1591 990 1648 modis
1007 1607 1070 1652 nat.
1120 1593 1245 1648 nondum
1263 1595 1313 1649 iet
1330 1591 1486 1650 innotuit.
1524 1592 1627 1650 Curtii.
1646 1591 1728 1649 troii.
1752 1609 1777 1650 t.
1805 1593 1840 1644 de
1860 1591 1933 1661 Reg.

259 1660 303 1732 eff.
321 1661 346 1734 §.
363 1659 501 1729 Natura,
521 1661 570 1718 ubi
590 1661 716 1720 dicitur:
738 1661 770 1720 itt
783 1661 869 1720 dubio
887 1666 990 1722 nuilus
996 1678 1069 1737 pte·
1121 1662 1198 1722 Mor.
1217 1678 1320 1737 cep.a.
1338 1667 1364 1738 d.
1377 1684 1403 1723 1.
1422 1681 1536 1736 num.5.
1569 1662 1655 1722 Idem
1674 1664 1767 1722 tradit
1785 1662 1937 1737 Jouoenue

255 1733 385 1802 sumitur
403 1734 565 1808 oiiigatue.
1122 1735 1303 1796 Loricitius:
1323 1737 1495 1796 Hominibus
1522 1753 1620 1795 eutem
1645 1741 1694 1795 iet
1733 1737 1935 1809 contigeret,

296 1804 335 1866 D.
355 1806 493 1868 Thomas
522 1811 647 1884 loquens
673 1811 709 1869 de
730 1812 794 1883 iege
813 1823 922 1872 aterna
940 1811 967 1869 n
985 1823 1070 1872 netu·
1122 1814 1238 1882 quando
1255 1810 1300 1868 eie
1317 1810 1495 1879 innotescit.
1531 1810 1643 1870 Lcricb.
1675 1749 1818 1878 Tiesaur.
1847 1807 1934 1866 ebeoi.
2039 1860 2042 1866 ,

259 1881 340 1948 tasi,
360 1879 446 1940 docet
466 1883 546 1958 quod
565 1883 602 1942 ad
622 1887 681 1944 hoc
701 1897 731 1943 ut
752 1885 813 1954 ipsa
833 1883 915 1958 poffit
943 1885 999 1944 esse
1019 1903 1071 1942 no·
1122 1886 1201 1942 verb.
1221 1883 1280 1941 set
1304 1903 1382 1945 nune.
1399 1887 1429 1944 ό.
1951 1911 1955 1918 ·

260 1953 304 2010 bia
325 1956 475 2024 mensura,
495 1957 582 2014 debet
601 1957 656 2016 ossea
675 1957 849 2028 certissima,
869 1960 1007 2036 uobisque
1027 1961 1072 2016 in·
1159 1958 1207 2016 Ex
1234 1958 1371 2017 omnibus
1403 1959 1451 2017 hie
1480 1959 1608 2032 pensatis
1636 1957 1794 2018 euidenter
1819 1965 1941 2028 apparet

257 2027 429 2089 notescere.
465 2029 666 2090 Attendamus
686 2035 776 2092 verba
795 2033 822 2092 5
832 2031 985 2118 Doiioris.
1007 2033 1070 2107 ipse
1123 2034 1245 2117 moralia
1262 2031 1415 2090 certitudo
1442 2033 1591 2119 sententie
1608 2029 1737 2118 nosen.
1763 2032 1814 2087 uei
1828 2031 1940 2114 ‘potius

259 2117 572 2259 izitiiliztiini
591 2107 898 2251 definiit
913 2107 1071 2248 „ituit
1122 2103 1489 2248 interditum
1506 2107 1937 2252 ut.i·.¹ii¹¹⁵t.':t⁰‘;t‘tt

258 2249 339 2306 nobes
355 2265 457 2322 ignoto
466 2270 479 2317 ,·
499 2268 563 2322 ergo
582 2270 635 2307 non
651 2252 739 2324 potest
757 2253 807 2320 effe
825 2251 917 2320 nolite
935 2258 1073 2309 voiunta-
1124 2267 1181 2308 att.
1194 2269 1220 2325 3.
1239 2253 1297 2308 hoc
1315 2255 1429 2309 mutale
1448 2253 1633 2324 Principium
1654 2251 1786 2308 absolute
1805 2250 1936 2321 prosette

259 2317 301 2378 tis
318 2325 471 2389 mensura,
498 2337 532 2378 tet
550 2325 587 2378 ai
613 2344 647 2380 ea
665 2323 779 2380 bonitas
795 2326 961 2380 voluntatis
979 2325 1072 2393 nostre
1123 2322 1236 2382 Nuiius
1253 2324 1369 2397 ligatur
1383 2339 1436 2396 ριν
1453 2337 1623 2407 preceptum
1642 2323 1783 2396 aliquod,
1807 2323 1860 2392 nifi
1882 2340 1939 2376 me·

259 2393 443 2464 dependeat.
481 2393 522 2452 Et
542 2393 585 2452 ita
604 2395 779 2468 respondet:
800 2395 882 2453 Licet
901 2400 948 2453 ieet
968 2413 1073 2454 eterna
1125 2395 1226 2452 diante
1246 2397 1378 2463 scientie
1405 2397 1494 2454 iiitus
1522 2397 1657 2470 precepti
1679 2438 1687 2455 .
1727 2397 1775 2455 Ab
1801 2395 1938 2452 omnibus

256 2463 296 2546 iit
314 2466 393 2522 nobis
411 2465 529 2540 ignota,
544 2470 703 2536 seeundum
719 2473 793 2552 quod
808 2469 843 2540 eli
863 2468 895 2526 in
914 2485 1005 2526 mente
1018 2470 1073 2527 Di·
1125 2469 1316 2540 Philosophia
1335 2485 1402 2528 cunt
1432 2469 1472 2528 D.
1490 2470 1613 2527 Thoma
1638 2469 1764 2526 docetur
1790 2467 1938 2526 diiiinitio

259 2555 355 2615 vrna;
375 2537 526 2606 innotescit
546 2556 642 2598 tomen
659 2547 740 2600 nobes
759 2542 934 2614 aliqualiter
955 2555 1009 2616 pet·
1026 2562 1073 2600 ra·
1124 2542 1204 2598 inter
1223 2541 1422 2614 Opinionem,
1442 2543 1470 2601 ἃ
1489 2544 1671 2602 scientiamt
1690 2541 1799 2628 Opinio
1816 2543 1941 2598 denotat

262 2621 374 2692 tionem·
385 2617 568 2694 naturalem,
596 2631 657 2686 que
677 2618 766 2670 adea
787 2613 1073 2686 derivaturutpro·
1123 2616 1323 2686 cognitionem
1344 2616 1462 2676 dubiam
1484 2654 1494 2684 ‚
1522 2628 1572 2674 nui
1601 2617 1785 2688 probabilem
1815 2611 1943 2686 alicuius

256 2693 328 2754 pree
346 2702 409 2760 esus
428 2703 542 2758 imago.
561 2693 612 2742 vet
630 2704 679 2758 per
690 2686 1073 2760 atiquatemreuetationem
1123 2689 1281 2746 ueritatis:
1308 2688 1442 2746 seientia
1461 2705 1533 2747 vero
1551 2691 1752 2761 cognitionem
1770 2701 1884 2746 certam
1905 2703 1942 2742 ac

246 2755 502 2828 ⁴superadditam.
530 2759 1071 2834 uteo.1.2.qa.19.are.4.ae3.
1145 2772 1275 2818 arentem
1310 2761 1482 2834 signifieat.
1518 2764 1576 2822 Sed
1604 2764 1756 2820 audiamus
1786 2764 1880 2833 ipsum
1908 2761 1937 2818 S.

261 2825 358 2887 Ratio
377 2840 488 2903 patet,
517 2848 570 2891 cur
595 2835 644 2891 iet
673 2834 762 2893 debet
790 2832 847 2892 eise
867 2846 977 2904 certa,
1004 2839 1075 2909 quia
1156 2833 1309 2908 odorem3
1337 2836 1365 2894 dt
1384 2837 1464 2910 quod
1494 2837 1523 2897 S.
1544 2837 1682 2901 Thomas
1700 2836 1823 2895 nominc
1842 2834 1941 2893 Scien·
2048 2830 2053 2838 '
2108 2807 2111 2814 ¹

260 2916 328 2960 cum
349 2904 397 2961 let
416 2902 502 2979 juxta
522 2905 550 2965 S.
560 2904 717 2965 Dodorem
739 2906 772 2965 stt
793 2908 925 2967 mensura
944 2908 971 2967 de
990 2924 1075 2979 regu·
1127 2908 1175 2967 rie
1195 2909 1347 2983 intelliget
1365 2912 1480 2982 pracise
1499 2913 1700 2983 cognitionem
1721 2924 1831 2967 certam
1852 2946 1862 2977 ,
1888 2924 1943 2978 pa·

261 2973 312 3044 ia,
340 2992 397 3051 qua
426 2978 516 3035 bomo
536 2981 697 3047 mensurari
717 2981 744 3039 de
764 2984 893 3053 regulari
914 2982 1000 3040 debet
1020 2983 1076 3039 cir·
1128 2994 1172 3039 tet
1201 2984 1271 3056 quia
1298 2985 1434 3056 proponit
1463 2986 1533 3043 ioco
1559 2986 1655 3043 citato
1685 2986 1743 3041 hoc
1761 2983 1939 3059 quesitume

260 3066 298 3107 ca
313 3050 381 3133 suas
403 3049 559 3122 adiuuet,
585 3070 771 3139 nequaquam
792 3054 845 3113 itte
865 3052 942 3113 reite
962 3056 1076 3112 mensu·
1129 3057 1233 3113 Utrum
1260 3054 1434 3141 conscientie
1451 3058 1550 3131 ligeri
1574 3076 1609 3116 ec
1628 3056 1736 3115 deinde
1756 3061 1816 3114 nite
1845 3057 1892 3112 ste
1906 3058 1942 3122 se

260 3138 320 3209 rari
339 3122 366 3179 u
387 3127 512 3195 regulari
533 3126 647 3197 potest,
674 3126 727 3185 nisi
757 3129 891 3185 mensura
920 3128 948 3185 dt
976 3132 1078 3199 regula
1127 3131 1211 3186 babet
1228 3127 1383 3202 imperium
1409 3129 1540 3206 aiicujus
1556 3132 1752 3189 Gubernantie
1776 3132 1817 3187 ad
1841 3128 1940 3200 tigan-

262 3198 318 3253 tiia
336 3194 370 3254 stt
389 3208 492 3266 certa,
512 3213 545 3257 ut
564 3200 696 3271 obliget,
745 3201 794 3257 uia
811 3201 838 3258 dr
856 3202 971 3257 homini
993 3202 1076 3258 inno·
1129 3204 1197 3259 dum
1215 3200 1247 3258 in
1267 3206 1349 3259 rebus
1366 3202 1549 3260 voluntariis
1575 3205 1631 3260 iiio
1656 3208 1737 3259 modo
1763 3202 1941 3276 ligationis,
1972 3256 1976 3261 ,

259 3268 376 3329 tescet.
404 3267 464 3327 Lert
482 3269 578 3340 enim,
598 3273 699 3331 scribit
718 3217 893 3331 indiffinite
905 3274 1010 3331 Petrus
1018 3274 1081 3333 eo:
1128 3275 1178 3347 qui
1196 3275 1346 3333 voluntati
1362 3275 1492 3333 accidere
1506 3277 1613 3348 pateis,
1631 3276 1703 3347 ficut
1717 3280 1749 3342 se
1765 3277 1856 3341 dedet.
1867 3276 1940 3330 atiio

262 3342 331 3426 let3
360 3356 394 3399 ut
416 3343 521 3419 obliget
541 3348 622 3402 debet
642 3344 711 3403 dori
729 3362 763 3402 ete
781 3351 905 3421 regula,
925 3366 961 3407 ec
977 3347 1075 3421 proin·
1128 3347 1285 3420 corporatis
1300 3351 1341 3404 ed
1356 3348 1513 3422 ligandum
1523 3367 1568 3406 rer
1580 3352 1758 3420 corporales.
1788 3347 1869 3406 Attio
1885 3366 1938 3403 au·

260 3417 299 3472 de
316 3420 506 3491 innotescere3
537 3418 622 3493 atqui
642 3423 690 3478 ire
711 3440 764 3478 non
782 3420 937 3488 innotescit
955 3422 1007 3493 niss
1024 3437 1076 3495 per
1127 3438 1184 3479 tem
1202 3420 1359 3493 nemoralis
1375 3421 1491 3495 agentis
1509 3440 1654 3494 nunquam
1671 3419 1787 3477 inducit
1804 3420 1940 3487 necesita-

259 3490 540 3563 promulgationem,
570 3506 703 3576 comper
723 3496 893 3562 ramsolam
912 3514 943 3552 eo
961 3494 1076 3552 intime·
1127 3508 1184 3552 tem
1202 3494 1235 3550 in
1253 3514 1311 3551 rem
1329 3494 1453 3562 esiam,
1481 3495 1535 3566 nifi
1549 3509 1602 3568 ριν
1619 3495 1774 3551 contuitum
1792 3491 1943 3549 coodione'r

263 3564 426 3629 cmmode,
446 3563 498 3635 qui
510 3566 851 3638 obediendrneceffltotem
868 3568 1002 3627 inducit.
1022 3569 1077 3626 Co·
1129 3566 1219 3641 ipius
1236 3569 1279 3624 ad
1295 3588 1354 3625 rem
1371 3567 1404 3624 in
1421 3587 1509 3642 quem
1528 3567 1621 3642 agit.
1663 3567 1745 3625 Unde
1763 3585 1816 3647 nec
1830 3584 1867 3647 ee
1885 3563 1940 3621 ine·

262 3636 306 3689 iet
324 3632 425 3689 Theoi.
437 3636 512 3695 Mor.
534 3651 572 3695 to.
587 3657 612 3694 1.
633 3642 704 3693 dete
726 3659 775 3698 .c.
788 3658 812 3699 t.
833 3646 1076 3701 irrumceria.
1125 3639 1207 3715 perio
1225 3638 1355 3717 aiicujus
1362 3640 1482 3699 Domini
1500 3640 1616 3715 ligetur
1634 3639 1766 3713 aliquis,
1783 3640 1836 3707 ntſs
1854 3652 1943 3712 empe-

263 3702 348 3762 Idem
369 3703 461 3789 tradit
487 3704 614 3779 Joannes
634 3708 694 3765 Ger
708 3726 746 3765 ou
767 3712 899 3782 dicens,
930 3717 1009 3789 quod
1029 3718 1078 3773 iet
1129 3713 1207 3773 rium
1224 3713 1355 3786 attingat
1374 3715 1490 3788 ipsum,
1510 3714 1560 3773 cui
1577 3714 1764 3789 imperetur.
1802 3711 1954 3784 Attingie-

264 3778 433 3861 utuobltget
452 3776 718 3863 necessario'debet
739 3782 854 3842 homini
876 3790 1074 3857 manifestari,
1126 3803 1223 3848 eutem
1242 3786 1338 3860 ipsum
1351 3801 1404 3861 per
1415 3786 1599 3855 scientium:
1632 3788 1714 3845 Unde
1743 3790 1843 3845 nuilus
1863 3784 1943 3858 iige-

264 3852 340 3908 aitas
358 3848 440 3907 Deus
465 3868 532 3909 eum
564 3854 697 3923 obligare
727 3868 785 3912 non
816 3857 907 3929 potest
934 3864 969 3921 ad
989 3864 1073 3922 iiiam
1127 3874 1244 3935 turpet
1260 3873 1433 3934 preceptum
1451 3860 1593 3933 aliquod,
1612 3861 1667 3932 nifi
1686 3861 1833 3917 mediante
1844 3861 1941 3925 scien·

261 3922 456 4008 seruandam:
475 3922 585 4009 Necesse
596 3926 632 3995 esi
648 3925 759 4009 (Uvalde
773 3932 916 3990 notabilia
928 3936 991 3994 sunt
1001 3935 1075 3995 Ger·
1127 3938 1174 3995 tie
1191 3933 1280 3991 itlius
1292 3932 1507 4008 precepti....
1518 3934 1603 3991 Sicut
1622 3952 1720 3993 eutem
1735 3930 1767 3991 in
1785 3932 1940 4005 corporati·

263 3996 341 4053 sonta
360 3998 483 4081 verba)
504 4000 569 4081 dere
589 4000 846 4069 manifestationem
864 4005 1075 4078 ordinationis,
1127 4013 1179 4067 dus
1198 4027 1287 4081 agens
1302 4012 1510 4080 corporetenon
1521 4008 1606 4081 ugit,
1625 4009 1678 4080 nifi
1691 4020 1746 4081 per
1763 4006 1943 4086 conradum,-

265 4089 303 4129 ac
318 4070 550 4129 voiuntattsDet
562 4093 575 4141 ;
595 4091 662 4128 nam
677 4086 731 4144 per
742 4078 838 4143 solam
854 4076 1076 4151 ordinationem,
1126 4082 1175 4140 ite
1193 4081 1226 4138 in
1247 4080 1458 4153 spiritualibus
1488 4100 1542 4137 non
1568 4082 1670 4155 ligat,
1696 4080 1749 4151 nifi
1771 4092 1825 4153 ptr
1845 4079 1942 4145 ssim·

264 4158 320 4203 aut
336 4156 389 4215 ptr
401 4146 496 4211 solam
509 4147 596 4229 suem
614 4148 795 4205 voluntatem
813 4168 868 4208 non
891 4152 978 4223 potest
996 4152 1078 4211 Deus
1128 4156 1230 4213 tiam.
1266 4152 1474 4213 Simitttndon
1504 4154 1542 4212 D.
1561 4154 1685 4214 Thema
1713 4156 1764 4211 hic
1783 4154 1874 4210 allata
1890 4164 1942 4209 nn·

263 4218 393 4283 absolute
410 4232 546 4276 oratore
564 4232 702 4302 imponere
721 4221 923 4297 obligationem
938 4245 949 4294 ,-
965 4228 1021 4294 sed
1038 4229 1079 4284 ad
1129 4231 1196 4303 quit
1216 4226 1272 4284 esse
1304 4228 1399 4298 mapis
1419 4226 1546 4295 incida,
1572 4227 1599 4286 ἃ
1618 4230 1797 4287 convincent
1816 4223 1854 4281 ed
1874 4240 1942 4293 pro-

266 4290 405 4363 hocopus
430 4290 488 4361 est,
517 4306 551 4349 ur
578 4311 603 4347 ιι
623 4294 807 4353 conrmunicet
836 4296 973 4355 notitiam
992 4300 1079 4357 unius
1129 4300 1255 4359 bandum
1275 4298 1401 4357 nostram
1422 4301 1598 4359 sententiam
1618 4338 1628 4369 ‚
1658 4302 1716 4361 stre
1736 4296 1944 4366 Principium,

264 4382 368 4435 eque,
395 4382 431 4423 ac
450 4366 607 4425 atterius.
645 4364 751 4434 Gerson
771 4370 806 4426 de
826 4369 895 4428 vita
914 4370 994 4445 spir.
1022 4376 1079 4433 dre.
1132 4389 1238 4436 nempe
1258 4372 1338 4446 quod
1359 4375 1405 4430 sex
1425 4375 1539 4432 ineerta
1557 4390 1617 4431 nou
1632 4374 1724 4445 potest
1735 4381 1849 4429 certam
1868 4370 1946 4425 obii·
2037 4424 2044 4432 ,

264 4434 337 4495 bii·
357 4455 384 4496 2·
1044 4472 1046 4477 v
1132 4447 1285 4519 patiooem
1298 4445 1458 4506 inducere.
1479 4446 1562 4505 Dicit
1574 4448 1602 4508 S.
1612 4444 1743 4511 Doiior,
1762 4440 1944 4517 quoditien-

305 4508 389 4567 Idem
411 4511 503 4595 tradit
523 4510 622 4599 Gonet
642 4512 759 4597 dicens:
789 4514 878 4573 Homo
895 4536 949 4575 non
968 4535 1082 4579 tenetur
1131 4522 1176 4579 tia
1195 4520 1332 4591 precepti
1351 4518 1390 4577 esi
1408 4520 1658 4581 insiarvincuium
1678 4515 1757 4593 quod
1776 4516 1825 4572 vei
1837 4518 1943 4575 uolun-

269 4582 442 4653 conforman
460 4589 608 4645 ottonom
621 4586 812 4650 Devene....
829 4589 881 4659 nist
898 4594 1013 4662 quando
1028 4615 1078 4651 uo·
1129 4606 1224 4653 tatem
1246 4595 1342 4665 tigat-
1368 4595 1443 4653 unde
1464 4594 1536 4653 sicut
1556 4596 1593 4653 ed
1614 4610 1676 4651 rena
1695 4592 1825 4665 aliquam
1847 4592 1941 4661 ligea·

269 4658 373 4739 suntet
391 4656 507 4717 Divina
527 4661 605 4717 nobis
620 4673 786 4735 precepto,
816 4666 864 4719 oei
889 4664 1078 4736 prohibitione
1128 4654 1197 4725 dim
1219 4683 1292 4739 opus
1304 4636 1363 4735 eii,
1382 4682 1415 4728 ut
1426 4669 1583 4727 astualitcr
1600 4666 1678 4723 funis
1697 4665 1880 4737 applicetur;
1901 4667 1945 4723 ita

268 4728 472 4811 manifestatur
491 4774 500 4793 .
537 4734 608 4817 Ι(ἶοιι.
627 4732 713 4811 Clyp.
741 4750 780 4796 to.
791 4754 817 4812 3.
837 4736 876 4794 D.
887 4738 916 4796 d.
935 4755 1029 4799 arna.
1048 4760 1077 4801 n.
1130 4742 1168 4800 ad
1186 4740 1335 4813 ligandam
1355 4743 1486 4801 hominis
1505 4743 1689 4799 voiuntatem
1708 4775 1718 4806 ,
1744 4751 1779 4797 ut
1796 4736 1942 4797 titionem

269 4818 318 4933 ἕ·
336 4802 435 4873 min
463 4806 504 4863 Et
533 4808 607 4864 ibid.
635 4806 670 4865 de
702 4810 760 4866 hoc
786 4812 930 4868 rationem
951 4816 1081 4883 prabet,
1133 4817 1265 4888 aliquam
1285 4829 1423 4873 exercent
1440 4818 1489 4872 rei
1509 4814 1649 4870 omittere
1663 4824 1805 4872 ,teneatur
1832 4810 1953 4870 necessit.

301 4875 400 4933 tibens
421 4878 549 4937 hominis
562 4894 713 4950 peccatum
732 4882 857 4952 pendere
877 4886 912 4943 ab
931 4885 1017 4957 ipsius
1029 4902 1080 4944 vo·
1132 4886 1173 4945 esi
1193 4898 1224 4944 ut
1243 4887 1304 4958 ipsc
1322 4888 1457 4960 precepti
1477 4885 1629 4943 scientiam
1649 4886 1779 4955 habeat,
1809 4886 1944 4960 niioquin

270 4948 386 5077 {uocate
407 4952 643 5081 transgrediendi
664 4958 789 5040 iegem;
819 4956 957 5042 stentem
979 4976 1080 5047 pecca·
1134 4962 1226 5019 homo
1244 4961 1297 5017 iiie
1315 4962 1347 5045 in
1367 4960 1417 5045 sua
1444 4960 1582 5043 libertate
1601 4971 1763 5019 remanet.
1797 4959 1948 5031 Quamob-

267 5022 376 5153 ιιι
389 5028 471 5181 tet.
485 5029 682 5169 etum
702 5026 1082 5175 {triturante
1133 5028 1946 5189 {initiarenturcintreiacum

271 5166 336 5239 sus,
356 5182 416 5229 non
431 5188 490 5249 pam
504 5175 688 5249 voluntatis,
707 5176 787 5253 quod
798 5192 935 5273 magnum
952 5177 1083 5271 essetab-
1133 5198 1203 5241 cum
1221 5180 1284 5263 due
1303 5179 1455 5253 opiniones
1474 5180 1604 5256 eiusdem
1624 5180 1766 5255 ponderis
1783 5195 1948 5306 ²i¹¹²bP‘⁰·

1881 5270 1911 5310 ὃ.
