4425 5750
233 374 295 462 lini
311 387 434 452 tamen,
453 389 504 438 tut
523 379 611 440 alteri
630 377 817 440 sacramenti
837 378 969 438 minisiro
989 395 1007 437 a
1026 379 1089 452 vot
1167 378 1248 463 Quia
1267 369 1341 440 ‘uero
1360 378 1493 438 nonnulli
1511 364 1607 440 deesse
1625 359 1830 450 radiatur,
1849 355 1900 457 qui
1911 356 1976 458 p‘ross

232 452 277 514 ars
296 451 465 527 deputando
485 452 610 514 disiriiie
630 454 836 526 precipiatur,
855 471 892 513 ne
913 454 1078 513 Matrimo·
1130 455 1201 526 pria
1218 452 1550 512 conscientia-vocibus
1568 455 1795 520 obsurdescant,
1826 447 1977 510 &nostras

231 525 436 594 amiatensis,
455 529 509 588 nist
526 530 609 602 prius
630 539 751 598 paterna
764 529 917 589 charitate
935 527 1078 604 conjuges
1131 529 1211 587 bisce
1231 528 1377 589 mandatis
1396 538 1498 603 parere
1517 528 1676 603 negligant
1687 548 1697 603 ;
1718 528 1817 586 debita
1825 537 1978 598 poenarum

231 600 404 660 inDomino
426 606 597 672 monuerit,
618 603 745 662 sobolem
765 603 975 676 procreandam
996 619 1079 674 rege·
1131 599 1309 660 diiiridiione
1339 619 1393 674 pro
1419 602 1508 660 modo
1536 606 1627 677 culpa
1657 603 1777 660 anobis
1797 603 1981 672 puniantur.

230 680 327 734 nernri
356 678 577 753 quamprimum
609 689 745 748 oportere
775 679 856 736 sacro
888 676 1080 749 Baptismatis
1131 675 1310 747 Quinimmo
1328 692 1395 735 cum
1417 675 1486 737 satis
1504 675 1975 750 nobisexperientiacompertum

231 751 375 824 iavacro;
407 768 442 811 ac
461 750 697 826 ChrisioJudici
728 749 883 811 diilrisiam
912 751 1079 810 reddituros
1133 751 1185 818 stt,
1206 748 1424 824 in'huiusmodi
1444 752 1570 819 negotiis
1590 753 1745 818 hominos,
1765 751 1794 807 in
1815 761 1923 806 terram
1944 763 1979 800 o·

232 824 289 882 esse
310 827 455 886 rationem
468 861 478 893 ,
491 826 550 882 nis
571 825 699 884 filios-*ut
719 826 871 899 legitimos
884 825 1078 898 agnoverint,
1131 828 1215 883 culon
1232 825 1417 884 declinantes
1434 824 1473 882 ob
1493 826 1639 883 humanos
1650 821 1812 899 respeiius,
1832 822 1979 883 tardiores

232 899 340 974 cosque
359 901 505 973 pietate,¹
526 900 665 974 bonisque
693 902 823 960 moribus
843 899 1022 968 imbuerint,
1053 897 1080 958 ds
1132 899 1229 968 effici,
1246 899 1274 960 dc
1294 917 1312 958 a
1329 897 1408 959 resia
1428 898 1535 971 agendi
1553 899 1656 958 semita
1678 900 1838 957 revocarit
1859 893 1979 952 manda-

230 971 452 1045 sruipatientur
471 976 556 1034 bonis
575 977 810 1049 temporalibus,
830 994 847 1033 a
868 975 1028 1043 maioribus
1050 975 1079 1033 in
1132 990 1198 1032 mus
1216 973 1353 1042 idcirco,
1375 972 1581 1036 Matrimonia
1608 979 1728 1034 occulta
1757 991 1773 1029 a
1794 972 1877 1040 uobis
1897 969 1979 1032 evul-

232 1047 377 1177 {tttpremis
397 1048 514 1180 ἑαδυῌε
534 1048 663 1120 reliiiis,
695 1055 745 1108 vel
767 1049 893 1122 prouida
913 1052 1009 1122 legum
1031 1065 1081 1108 au·
1132 1049 1217 1120 gari,
1235 1048 1261 1105 a
1281 1059 1353 1108 nota
1373 1045 1459 1115 beri,
1478 1045 1498 1102 sr
1517 1058 1600 1105 certo
1622 1049 1706 1105 vobis
1727 1043 1911 1107 constiterit,
1939 1057 1980 1104 ex

263 1125 551 1258 oglletltberatghatdge'm
571 1199 791 1267 Matrimonio,
811 1197 933 1255 indilate
953 1214 970 1254 a
988 1197 1081 1255 Paro·
1133 1197 1250 1263 bolem,
1269 1197 1296 1253 lt
1315 1195 1495 1268 baptizatam
1516 1193 1666 1280 suppressa
1684 1205 1836 1268 parentum
1848 1192 1980 1246 nomini·

231 1269 312 1338 cho,
332 1275 379 1329 vel
401 1275 463 1330 alio
481 1273 663 1341 Sacerdote,
694 1289 792 1330 coram
814 1288 874 1345 quo
894 1273 1000 1328 initum
1020 1269 1079 1340 esi,
1134 1270 1205 1337 bus,
1224 1273 1307 1329 nulia
1327 1269 1450 1341 presiita
1470 1268 1555 1325 vobis
1575 1270 1707 1333 notitia,
1728 1279 1761 1324 ut
1784 1277 1929 1347 parerat,
1944 1263 1981 1318 ab

232 1345 410 1404 exhibeatur
421 1346 567 1420 Episcopo
586 1347 669 1404 illius
688 1347 827 1419 scriptum
849 1345 1079 1412 documentum,
1131 1343 1215 1401 illius
1242 1345 1413 1416 parentibus
1442 1345 1522 1406 intra
1542 1345 1669 1422 triginta
1688 1341 1752 1404 clies
1782 1346 1981 1404 anattvlsatll

232 1433 300 1474 cum
322 1433 395 1478 nota
417 1420 498 1488 loci,
517 1421 544 1478 dr
561 1419 726 1492 temporis,
747 1417 941 1493 testiumque,
961 1419 1011 1493 qui
1031 1434 1080 1476 ce·
1133 1417 1350 1480 numerandos.
1886 1485 1893 1498 .

204 1492 392 1560 ,lebrationi
416 1493 630 1550 interfuerunt.
662 1492 798 1551 Vestrum
819 1493 877 1548 erit
898 1489 993 1563 postea
1013 1491 1080 1548 dili·
1169 1491 1219 1548 Ne
1240 1501 1340 1548 autern
1360 1501 1571 1560 contumaces,
1591 1487 1844 1550 &inobedientes
1863 1487 1984 1544 violate
2036 1490 2042 1504 ·

230 1579 337 1636 genter
364 1566 559 1635 incumbere,
591 1566 670 1641 quod
691 1565 727 1622 ad
748 1580 905 1637 perennem
935 1563 1017 1638 gesia
1036 1566 1079 1622 rei
1133 1563 1221 1634 fidei,
1243 1563 1412 1639 proditique
1434 1564 1537 1624 secreti
1549 1565 1682 1626 Pastores
1701 1565 1768 1624 suos
1788 1561 1982 1628 insimulent,

227 1638 406 1697 memoriam
437 1640 588 1711 prosatum
609 1639 819 1697 documentum
848 1635 979 1696 fideliter
997 1651 1079 1697 tran·
1131 1638 1234 1696 seditio
1251 1655 1270 1698 a
1289 1639 1373 1698 robis
1392 1640 1554 1701 curandum
1574 1639 1634 1710 est,
1663 1652 1697 1698 ut
1715 1657 1732 1697 a
1752 1638 1912 1706 Parocho,
1931 1633 1983 1697 rei

215 1711 373 1784 ‚scribatur
393 1715 423 1770 in
443 1711 518 1772 libro
538 1715 655 1787 prorsus
671 1711 810 1772 disiinsio
840 1713 876 1771 ab
898 1716 1017 1782 altero,
1048 1716 1080 1770 in
1133 1714 1195 1771 alio
1212 1712 1374 1774 Sacerdote
1393 1730 1448 1786 pro
1465 1715 1580 1774 secreta
1599 1713 1801 1774 celebratione
1815 1711 1979 1774 Matrimo-

229 1803 290 1861 quo
303 1787 504 1847 Matrimonia
524 1789 642 1862 publice
662 1787 812 1846 contraiia
831 1789 868 1845 de
889 1805 971 1846 more
990 1787 1079 1846 adno·
1131 1789 1174 1845 nii
1195 1805 1213 1846 a
1233 1788 1318 1845 vobis
1336 1789 1525 1859 deputando,
1544 1789 1689 1863 conjuges
1706 1791 1807 1855 clare,
1834 1784 1859 1842 a
1880 1793 1982 1852 aperte

226 1874 346 1923 tantur.
368 1863 545 1935 Huiusmodi
564 1863 642 1921 liber
660 1880 714 1935 pro
734 1864 941 1924 Matrimoniis
961 1864 1081 1920 secretis
1133 1874 1330 1931 moneantur,
1349 1879 1386 1922 ea
1406 1865 1490 1935 iege,
1510 1864 1537 1922 ἃ
1558 1862 1643 1937 patio
1661 1865 1725 1924 illic
1745 1859 1879 1932 permitti
1890 1857 1984 1916 secre-

187 1959 191 1966 ·
231 1936 362 2009 apposte
382 1935 571 2010 compaiius,
599 1939 736 2006 clausus,
763 1937 790 1995 a
817 1935 920 2009 sigillis
950 1936 1079 2008 obssgna-
1132 1938 1157 1994 ti
1167 1937 1359 1999 Matrimonii
1379 1940 1631 2009 celebrationem,
1649 1951 1684 1998 ut
1703 1937 1819 1998 soboles
1838 1930 1906 2016 inde
1916 1946 1983 2004 pro·

232 2021 300 2078 tus,
331 2012 363 2068 in
383 2011 476 2070 vestra
497 2011 666 2084 Episcopali
686 2010 877 2071 cancellaria
908 2025 994 2069 caute
1023 2013 1080 2070 erit
1133 2011 1261 2069 creanda
1280 2025 1339 2067 non
1358 2011 1450 2070 solum
1471 2027 1662 2085 regeneretur
1679 2005 1982 2078 racto-Baptismus,

230 2083 453 2143 custodiendus:
472 2087 499 2143 dt
519 2103 555 2143 eo
574 2099 690 2144 tantum
711 2089 778 2144 casu
799 2085 955 2158 resignari,
977 2083 1080 2157 &arpe-
1132 2085 1182 2142 sed
1201 2083 1261 2157 posi
1281 2085 1433 2157 Baptisma
1451 2088 1649 2147 denuncietur
1667 2085 1813 2158 Episcopo
1840 2095 1906 2143 cum
1928 2093 1983 2135 no·

233 2159 286 2220 riri
308 2157 401 2216 velita
420 2159 581 2217 accedente
602 2159 725 2216 licentia
746 2161 922 2231 patiemini,
941 2175 1000 2236 quo
1021 2160 1081 2215 alia
1132 2171 1165 2216 ta
1185 2160 1263 2226 loci,
1287 2159 1316 2215 iic
1335 2163 1479 2231 temporis
1497 2159 1690 2220 administrati
1708 2154 1916 2221 sacramenti,
1948 2165 1984 2209 ac

232 2231 263 2296 id
296 2248 389 2304 genus
409 2230 609 2290 Matrimonia
626 2231 762 2288 ‘describi
790 2245 949 2303 oporteat,
979 2235 1029 2290 uel
1049 2231 1081 2288 id
1133 2231 1245 2291 sincera
1265 2232 1451 2293 indicatione
1470 2246 1644 2306 parentum,
1666 2250 1683 2294 a
1702 2227 1985 2320 quibusomumira-

233 2305 283 2374 sibi
303 2309 434 2364 uindicet
458 2306 572 2380 justiti-a
594 2305 827 2364 administranda
839 2303 1011 2372 necessitas,
1031 2307 1081 2362 uei
1133 2305 1218 2373 buit,
1249 2306 1498 2379 quemadmodum
1518 2308 1603 2380 supra
1621 2307 1794 2380 praemissum
1815 2301 1875 2366 csta
1907 2303 1983 2359 ²¹¹0·

231 2379 352 2436 demum
382 2379 610 2454 aliquodquod
638 2379 847 2436 documentum
880 2381 916 2436 ab
934 2395 972 2436 eo
992 2393 1084 2448 expo·
1132 2380 1205 2452 quin
1226 2377 1457 2437 Matrimonium
1488 2383 1560 2439 licet
1579 2378 1762 2438 contrabium
1783 2380 1851 2434 data
1873 2391 1925 2446 per
1944 2373 1986 2432 E·

234 2453 317 2518 scant
336 2469 439 2512 rerum
459 2453 778 2521 interesseh‘abentee,
805 2452 912 2528 quibus
931 2452 1083 2524 probatio·
1133 2453 1285 2524 piscopum
1317 2452 1423 2512 secreti
1451 2453 1536 2529 fide,
1567 2451 1599 2510 in
1627 2456 1723 2514 lucem
1755 2451 1922 2532 proferetur
1953 2463 1991 2506 tn

233 2541 303 2590 num
327 2529 446 2586 munde
465 2529 660 2598 petendarum
682 2544 740 2584 non
760 2530 889 2599 suppetit
909 2523 1013 2598 copia:
1041 2526 1083 2583 se·
1133 2529 1260 2598 gratiam
1288 2523 1439 2596 filiorum,
1467 2527 1494 2590 dt
1525 2527 1753 2602 propulsandam
1784 2525 1820 2586 ab
1839 2523 1900 2579 ilias
1918 2537 1986 2590 gra·

231 2599 305 2658 dulo
323 2611 425 2658 tamen
445 2597 737 2668 animadvertentes,
756 2602 856 2674 quod,
877 2618 907 2658 re
927 2599 1082 2666 absoluta,
1134 2615 1224 2668 vem,
1251 2602 1395 2674 nulloque
1415 2601 1499 2682 padio
1517 2602 1669 2660 serendam
1692 2597 1852 2673 jaderam,
1889 2593 1987 2658 Volu-

231 2673 330 2740 dcnuo
355 2673 532 2742 claudatur,
560 2673 726 2747 sanginis,
757 2685 789 2731 ut
808 2685 918 2740 antea,
947 2671 1082 2742 obfigne·
1133 2690 1199 2731 mus
1222 2673 1372 2746 denique,
1392 2677 1623 2734 comendamus
1643 2673 1733 2743 sides,
1754 2671 1802 2730 seu
1821 2665 1986 2737 attestatio·

231 2756 301 2805 tur.
321 2746 431 2816 Fides,
458 2749 507 2805 seu
528 2749 731 2810 attestationes
748 2749 826 2804 clam
846 2746 992 2804 celebrati
1012 2745 1084 2806 Mn
1130 2760 1186 2805 oca
1205 2747 1398 2808 Matrimonii
1415 2751 1495 2809 clam
1514 2751 1605 2819 initi,
1633 2750 1659 2814 a
1680 2748 1788 2814 rabolis
1804 2761 1842 2809 cx
1863 2757 1900 2806 90
1918 2758 1986 2814 lif-⁰·

229 2818 370 2884 trimonii
397 2839 417 2881 a
443 2823 605 2892 Paracho,
631 2825 683 2884 uel
710 2821 887 2891 Sacerdote,
940 2819 969 2877 ui
998 2821 1083 2879 uices
1131 2834 1262 2893 creata,
1291 2835 1455 2897 excerptae·
1478 2841 1514 2882 ex
1544 2822 1629 2886 attlts
1648 2821 1756 2893 libris,
1784 2817 1895 2885 nouo,
1923 2831 1987 2892 ‘111⁰

233 2894 366 2955 Paroclri
384 2896 486 2969 geffit,
514 2900 687 2968 exaranda,
716 2900 855 2973 vobisque
885 2837 1083 2964 exstruenda,
1131 2896 1243 2955 ‹iiiium
1265 2896 1326 2964 etl,
1347 2898 1422 2969 apud
1443 2912 1496 2957 vos
1516 2913 1603 2963 caute
1622 2896 1840 2959 custodiendis.
1865 2900 1990 2979 ¹tantam

228 2970 485 3039 transcribantur,
516 2974 547 3029 in
571 2973 652 3033 ditio
682 2974 777 3041 libro,
807 2986 895 3051 prout
927 2970 1024 3045 iacent
1044 2970 1082 3030 de
1131 2972 1295 3046 promereri
1325 2971 1442 3042 sidem,
1467 2988 1614 3049 quantam
1643 2974 1694 3039 sibi
1721 2972 1774 3030 alii
1805 2970 1873 3025 libri
1893 2966 1987 3047 ,Parof

230 3046 328 3120 per-bo
358 3047 396 3105 ad
418 3048 538 3105 verbum
565 3067 583 3106 a
601 3050 723 3123 persona
752 3050 875 3107 anobis
892 3042 1082 3118 depuranda,
1132 3045 1474 3122 ciriaiesBaptismatis,
1491 3048 1721 3114 &Matrimonii
1742 3044 1895 3108 uindicare
1914 3057 1989 3106 com

231 3135 296 3193 qua
317 3116 393 3190 apud
413 3138 518 3180 omnes
536 3124 738 3195 integritatis,
758 3123 933 3196 probatique
951 3118 1084 3177 nominis
1132 3119 1309 3180 sueremnt.

233 3194 416 3261 luculentum
437 3195 784 3254 babeat'testimonium.
823 3194 913 3255 Fides
932 3208 1025 3261 uero,
1055 3194 1084 3251 dt
1174 3196 1245 3254 Hac
1264 3212 1282 3252 a
1303 3194 1408 3263 uobis,
1427 3197 1507 3259 Ven.
1524 3199 1667 3267 Fratres,
1687 3194 1719 3253 in
1739 3198 1798 3253 ltac
1816 3199 1988 3264 temporum

229 3267 519 3399 attestatiossesipsat
547 3272 577 3327 in
596 3270 748 3330 secretiori
767 3270 838 3330 ioco
855 3269 957 3339 sarta,
980 3266 1085 3327 redie-
1131 3269 1307 3330 calamitate
1338 3269 1488 3329 observari
1520 3274 1608 3331 enixe
1633 3270 1818 3347 praecipimus
1847 3266 1883 3323 ad
1901 3281 1985 3323 com·

227 3358 289 3417 que
308 3360 327 3401 a
346 3360 385 3401 uo
406 3344 431 3401 is
450 3344 623 3405 seruentur.
915 3364 916 3369 ¹
1133 3360 1253 3405 munem
1283 3344 1447 3404 animarum
1481 3348 1627 3418 salutem,
1651 3344 1736 3405 &ad
1756 3338 1913 3416 praesidium
1933 3356 1985 3394 ec·

241 3468 246 3483 ,
268 3417 356 3488 Qtod
376 3416 398 3473 st
414 3435 454 3477 erc
470 3422 592 3478 occuito
611 3418 781 3493 hujusmodi
792 3419 994 3482 Matrimonia
1011 3436 1086 3491 pro-
1132 3417 1296 3481 clefiasiice
1321 3417 1504 3491 disciplina,
1534 3431 1657 3495 propter
1674 3416 1908 3480 invalescentem
1928 3414 1985 3467 lro·

229 3488 291 3556 iem
311 3494 390 3549 nasci
408 3494 567 3566 contingat
579 3516 592 3565 ;
609 3494 713 3554 eadem
729 3496 893 3569 mundetur
909 3493 1031 3552 salutata¹
1052 3508 1084 3551 a·
1133 3496 1247 3555 minum
1267 3494 1418 3551 malitiam
1439 3511 1517 3553 nova
1536 3497 1650 3568 semper
1666 3492 1847 3552 detrimenta
1858 3490 1915 3572 'vel
1926 3502 1987 3569 'pa-

232 3578 291 3635 qua
311 3563 455 3635 Baptismi
475 3568 505 3623 iu
527 3568 677 3638 Ecclesia,
698 3572 729 3627 in
746 3586 808 3645 qua
827 3568 897 3628 aliis
916 3568 1082 3627 incantatur
1130 3569 1259 3637 cientis,
1275 3569 1327 3624 vel
1345 3567 1585 3631 tesormidantis.
1612 3568 1756 3630 Ceterum
1778 3560 1881 3642 nostras
1901 3560 1984 3645 hasce

231 3636 289 3695 hee
309 3636 534 3697 Sacramentum
554 3640 908 3703 indiffineeconfanur.
949 3642 1083 3717 thuia
1134 3641 1247 3707 Litoris
1271 3641 1388 3701 sublata
1416 3647 1555 3704 nolumus
1585 3661 1622 3702 ea
1653 3642 1800 3705 validiora
1826 3635 1981 3718 remedia,

231 3710 269 3769 ad
286 3712 481 3783 operiendum
512 3716 590 3773 clem
610 3716 716 3772 initum
738 3713 970 3775 Matrimonium
990 3714 1083 3775 sacile
1134 3717 1286 3795 qunbuic
1307 3718 1408 3784 malo,
1437 3719 1566 3781 indiem
1591 3716 1765 3788 ingruenti,
1788 3708 1984 3794 consonam·

231 3782 321 3849 esi-iu
340 3787 419 3843 libro
436 3788 655 3857 baptizatorum
675 3792 787 3846 nuliam
800 3788 875 3848 “fieri
896 3793 1081 3849 mentionem
1129 3793 1254 3867 gnoscat
1279 3792 1438 3865 prudentia
1463 3792 1582 3859 uelira,
1611 3790 1647 3849 ad
1676 3786 1819 3860 paiioraie
1847 3778 1981 3842 officium

231 3869 412 3930 parentum,
430 3859 467 3917 dt
497 3878 602 3920 eorum
628 3864 751 3919 nomina
777 3864 915 3921 consulto
935 3865 1081 3923 retineri:
1130 3870 1285 3927 cumulate
1303 3866 1489 3925 obeundum.
1518 3863 1747 3926 Vobisinterea
1766 3856 1983 3935 paternaeshe·

230 3935 389 4002 uolumus,
412 3950 452 3991 ac
470 3934 602 4008 expresse
621 3936 818 4005 mandamus,
842 3938 924 4011 quod
949 3954 970 3996 a
995 3951 1082 4010 patre
1131 3944 1254 4015 nitatis,
1282 3940 1539 3997 &beneuolentiae
1559 3939 1682 4004 testem,
1703 3935 1903 4013 apostolicam
1927 3929 1983 3989 Be·

230 4006 394 4076 baptizati,
413 4025 509 4083 eoque
525 4008 684 4079 desuniio,
709 4012 752 4069 'ab
767 4009 854 4071 iilius
875 4024 969 4069 matre
985 4013 1084 4071 susce·
1131 4013 1330 4074 nediiiionem
1349 4014 1557 4087 impertimur.
1616 4021 1618 4024 '
1889 4077 1895 4087 ‚

323 4084 400 4139 roien
418 4084 505 4140 uobis
520 4084 739 4153 denuncietur,
765 4082 903 4173 didaque
921 4085 1084 4145 denunciat«
1169 4090 1281 4148 Datum
1302 4089 1407 4146 Rome
1421 4086 1501 4163 apud
1519 4084 1655 4151 §arnan
1674 4084 1808 4145 Mariam
1828 4080 1981 4149 Mamm

1135 1123 1236 1197 aliquo
1255 1122 1456 1182 Matrimonio
1474 1123 1595 1179 occulto
1625 1132 1812 1191 procreatam
1831 1115 1915 1178 fuisse
1935 1117 1979 1172 so·

227 4092 347 4213 &sat
367 4158 415 4214 vei
434 4158 609 4217 immediate
625 4177 679 4232 per
696 4170 836 4231 parentes
852 4160 950 4232 ipsos,
969 4162 1084 4290 seiger
1128 4164 1182 4222 ‹lie
1205 4182 1249 4235 ¹7·
1268 4164 1453 4223 Novembris
1472 4182 1557 4241 ¹741·
1577 4160 1774 4246 Pontificatus
1793 4152 1882 4217 nostri
1903 4162 1981 4207 auno

230 4227 336 4311 literas
367 4247 470 4289 eorum
501 4232 672 4293 chataiiere
692 4246 849 4303 exaratas,
881 4237 929 4292 uel
948 4250 1004 4305 per
1041 4234 1080 4291 de
1126 4239 1277 4300 secundo.
1316 4259 1325 4263 ·

228 4302 349 4373 dignam
368 4306 522 4375 personam
542 4306 668 4379 abipsa
687 4309 857 4381 parentibus
875 4306 1078 4381 defignatam,
1740 4340 1745 4348 .
1878 4310 1883 4316 ’
1936 4318 1939 4326 ’

230 4389 263 4433 ut
283 4378 533 4445 certo',dtclare
553 4380 787 4450 vobisconiiat,
807 4384 1004 4457 quodproles
1023 4382 1084 4441 tali·
1145 4417 1149 4423 ·
1250 4384 1283 4443 D
1316 4380 1348 4446 E
1379 4378 1414 4447 θ’
1446 4384 1481 4449 lt
1512 4386 1546 4448 Ἑ
1579 4386 1617 4450 Τ
1652 4386 1684 4450 U
1720 4382 1759 4445 M
1803 4374 1860 4442 s·

230 4448 1077 4530 lnco‚&rempore,eltlegitima,ttcetoccuuiMa·
1152 4474 1156 4479 ·
1217 4531 1221 4533 Y

230 4524 364 4611 trimonii
380 4527 497 4585 soedere
514 4544 691 4600 procreata.
707 4534 782 4602 Qra
800 4532 869 4590 sane
888 4532 989 4589 omnia
1008 4546 1075 4589 cura
1209 4533 1552 4607 Contrafsolsiciranrer,
1572 4539 1603 4595 sa·
1622 4533 1774 4609 complices
1786 4538 1892 4611 pecca·

231 4600 317 4687 uobis
343 4600 556 4670 annotuerint,
583 4619 623 4659 ne
648 4604 769 4662 illorum
787 4606 912 4664 'excidat
931 4607 1076 4665 memoria
1469 4610 1501 4670 ri
1514 4612 1637 4692 ,turpib
1789 4631 1791 4634 ·

229 4686 262 4730 an
274 4674 360 4730 libro
376 4674 509 4734 sideliter
524 4676 726 4735 describentur
743 4680 783 4737 ab
804 4696 863 4749 eo,
890 4682 942 4737 cui
962 4678 1040 4739 aaut
1058 4699 1077 4738 a
1154 4737 1156 4742 ,
1353 4710 1357 4713 ·
1896 4709 1899 4715 ·

228 4746 328 4805 ambis¹
344 4746 383 4805 eii
400 4749 527 4819 poteslas
559 4751 717 4811 adnotandi
737 4754 939 4814 Matrimonia
954 4758 1083 4813 occulte
1182 4760 1393 4820 Acramentum
1410 4756 1617 4833 paenitentiae,
1632 4768 1723 4831 quarn
1740 4747 1901 4813 secundam
1910 4750 1978 4823 posi

229 4822 529 4908 celebratacbiber,
548 4828 578 4882 in
599 4844 688 4902 quem
699 4830 938 4900 baptizatorum,
955 4846 992 4889 ae
1002 4832 1079 4888 utri·
1126 4764 1385 4905 Suausragium
1413 4832 1578 4906 deperdita
1601 4828 1705 4903 kratiae
1733 4825 1865 4886 tabulam
1883 4822 2000 4883 studii

228 4898 318 4977 tuque
338 4909 470 4967 parentis
488 4902 608 4958 nomina
620 4902 805 4973 reserentur,
825 4906 964 4981 quamvis
978 4902 1080 4963 dissita·
1130 4911 1237 4969 Patres
1254 4920 1324 4979 apte
1338 4918 1566 4979 nuncuparunt,
1593 4909 1653 4959 rios
1675 4900 1752 4964 licet
1780 4899 1977 4960 immerentes
1997 4946 2000 4952 .

230 4985 280 5045 gur
301 4969 409 5054 debeat
428 4970 470 5055 ab'
485 4976 580 5032 altero
601 4974 888 5047 Matrimoniorum,
904 4978 1011 5037 eadem
1030 4988 1080 5037 ta·-
1125 4984 1167 5041 ad
1194 4980 1321 5053 univers
1339 4976 1494 5039 Dominici
1511 4977 1626 5045 caragis
1652 4990 1754 5038 curam
1780 4973 1906 5045 superna
1934 4972 1979 5029 ὤ·

230 5056 297 5129 men
319 5044 497 5129 diligentia,
517 5049 619 5107 iisdem
645 5067 680 5107 ue
699 5054 826 5111 cautelis
845 5056 877 5119 ln
889 5053 1079 5113 Cancellaria
1128 5056 1282 5131 sposrtione
1298 5057 1402 5117 rotati
1420 5068 1512 5111 omne
1526 5048 1677 5121 riuti-um,
1694 5049 1723 5113 dt
1741 5045 1914 5121 pastoralem
1934 5047 1979 5103 so·

230 5116 401 5207 Episcopalr
421 5122 554 5190 clausus,
572 5123 598 5181 a
620 5067 641 5180 pr
661 5126 724 5183 iliis
743 5126 933 5199 obfignatus,
947 5129 1010 5185 'erit
1026 5144 1082 5185 cu«
1128 5128 1479 5199 sicitutiinem'adltibere
1491 5136 1651 5194 tenemur,
1682 5140 1739 5191 ne,
1766 5120 1845 5196 quod
1865 5120 1934 5206 ριξίὶΙ
1947 5136 1977 5175 a·

232 5189 399 5255 flectendus
419 5207 511 5266 prout.
528 5198 633 5255 librum
683 5203 912 5261 acrimoniarum
930 5214 1084 5263 tautecu⁴
1132 5202 1247 5263 missam
1267 5202 1412 5272 Baptismi
1438 5198 1643 5258 innocentiam
1669 5196 1770 5255 datum
1805 5190 1844 5251 eii
1873 5194 1978 5251 diurna

232 5260 334 5342 beatri
352 5266 443 5347 supra·
457 5272 670 5334 mandarimus
682 5280 763 5336 ast.
1133 5279 1317 5351 benignitate
1336 5275 1523 5349 perfugium,
1553 5289 1606 5349 per
1634 5273 1806 5339 damonum·
1827 5265 1982 5397 ῆὲυξεω,
