4425 5750
225 139 296 194 btv

175 243 306 331 locleſse
333 247 529 335 impedere,
558 254 609 310 vel
634 249 716 326 grati
737 250 830 310 trimi
858 269 953 336 ergo,
984 255 1034 311 erl
1087 243 1234 328 eo‘quod
1266 253 1327 312 alio
1355 250 1494 328 quopiam
1531 248 1688 314 Minium
1710 273 1800 319 onere
1827 243 1957 328 oblitis

176 337 211 377 et
230 341 263 404 cr
282 341 375 406 onmes
401 324 524 399 tmpofitr
554 327 747 393 celebatur,
778 331 808 384 (a
833 331 1034 400 applicatur,
1086 331 1298 398 inveniantur,
1319 331 1369 386 vel
1392 329 1507 386 ratione
1523 332 1637 458 Kroprii
1656 331 1879 412 Canonicatus,
1904 345 1956 401 aut
2007 341 2012 354 '

171 395 252 477 setis
287 400 438 471 inspleeum
473 399 624 470 censeatur
655 400 784 459 delitum
821 400 1035 476 applicationis
1088 403 1212 461 alterius
1233 401 1377 462 Beneficii
1399 403 1521 461 ecelesia
1546 400 1607 474 ici,
1636 409 1717 482 quod
1737 411 1852 473 inimul
1884 432 1953 480 cum

176 466 280 538 Mrsse
300 471 530 536 craventueiis.
568 475 685 534 Etenim
712 471 878 550 hujusmodi
908 476 1036 532 debitum
1087 477 1269 536 canonicali
1289 477 1442 548 prebenda
1461 478 1616 554 obtinent3
1651 484 1701 539 vel
1721 487 1817 560 quia,
1851 503 1955 562 prater

176 561 230 600 noa
249 547 366 618 quidem
384 548 504 622 respicit
517 548 680 624 ,iugularat
699 548 1036 621 aliquosBerrefcliores,
1089 567 1194 609 munus
1213 551 1382 618 Canonici,
1402 553 1452 609 seu
1473 549 1678 624 Beneficiati,
1708 573 1760 617 aut
1781 561 1955 625 Mansiona.

172 607 227 698 [ed
246 619 441 694 Beneficiiorer
459 622 491 682 in
508 643 612 698 genere
629 624 785 701 cujuslibet
807 621 956 695 Ecclesia,
987 643 1037 683 cu·
1088 627 1125 682 iii
1147 627 1178 681 in
1200 623 1332 682 Ecclesia
1350 626 1526 685 Cathedrali
1546 626 1595 686 ieu
1623 630 1796 705 collegiata
1821 675 1831 708 ,
1860 657 1951 714 quum

154 767 157 772 1
172 710 226 774 jus
238 693 363 777 servitio
383 697 498 756 editicii
511 701 585 767 sunt
603 697 774 772 quicumque
792 695 825 754 itt
851 702 951 755 cadem
972 699 1035 770 five
1089 700 1181 756 etiam
1201 698 1233 754 in
1253 700 1382 767 eadem,
1416 704 1465 759 vel
1484 704 1517 759 in
1546 703 1607 761 alia
1626 704 1759 766 Ecclesia
1788 711 1952 774 Parocbia·

176 764 368 842 Dignitates,
382 769 450 842 five.
466 772 683 838 canonicatus,
696 772 759 843 five
768 769 1036 842 Marrfionariarus,
1089 776 1148 830 lem
1170 788 1271 830 curam
1295 787 1455 832 exerceant
1468 814 1477 845 ,
1497 776 1566 834 dum
1579 775 1697 838 Missam
1709 781 1949 848 Conventnalem

172 839 555 928 fiveBeneficiachorcIia
574 847 733 914 obtinent,
762 847 793 902 θ
814 845 1036 914 ΜιΥιαηιὈοπ-
1089 858 1201 906 canunt
1221 846 1324 905 diebus
1344 847 1423 906 iestis
1444 850 1480 907 de
1500 865 1669 925 praecepto,
1690 854 1799 916 debent
1828 879 1880 935 pro
1900 881 1951 936 po·

177 921 346 976 ventuosam
358 921 599 995 surrrespeliive
616 919 733 978 vicibus
753 921 911 982 celebrent.
949 937 954 946 ·
1090 925 1159 994 pulo
1180 919 1231 983 sibi
1251 923 1405 981 commisso
1424 929 1490 982 eam
1511 930 1684 1000 applicare:
1706 947 1741 988 ac
1760 933 1882 1004 proinde
1902 955 1958 998 ne«

194 989 314 1074 „Neque
330 994 428 1058 meiius
446 993 663 1070 inprobandam
681 994 825 1052 noveritis
843 995 1037 1065 aliorumscrr·
1088 1009 1201 1071 queunt
1220 997 1342 1054 eandem
1377 1015 1433 1070 pro
1453 1000 1591 1058 Eccleiae
1622 998 1864 1068 Benesalioribus
1893 1011 1954 1086 spe·

180 1076 326 1136 truttam,
345 1065 397 1140 qui
411 1067 495 1136 saris
517 1083 628 1143 putant
650 1068 852 1142 supradiliom
883 1069 1035 1144 obligatio·
1069 1079 1073 1086 '
1089 1071 1209 1129 cialiter
1227 1070 1355 1131 offerre.
1374 1072 1431 1131 Sed
1451 1075 1498 1130 bis
1518 1091 1636 1152 quoque
1655 1078 1774 1139 obviam
1795 1083 1869 1141 itum
1892 1085 1954 1156 cst,

178 1158 241 1196 trem
260 1141 410 1213 impierum
429 1143 498 1212 effe,
519 1145 587 1200 dum
607 1143 639 1200 iri
658 1161 751 1200 eorum
768 1143 905 1214 Ecciefiis
920 1145 1037 1218 proBe·
1089 1145 1218 1220 jubendo
1234 1146 1361 1219 finguiic
1377 1147 1547 1219 preditiis,
1567 1166 1602 1207 uc
1622 1151 1740 1222 Miffam
1768 1158 1955 1220 cervaniga.

176 1215 368 1284 npfal‘ioriius
386 1215 417 1271 iri
435 1235 537 1298 genere
554 1215 662 1290 alique
680 1217 828 1275 interdum
843 1221 1035 1290 preterfluere,
1092 1225 1148 1276 lem
1167 1255 1177 1288 ,
1195 1231 1295 1292 'quam
1316 1233 1513 1294 canunt,.pro
1534 1223 1660 1296 Ecclefie
1673 1228 1902 1298 Benefalioribuc
1921 1237 1954 1296 irt
1998 1281 2002 1289 .

181 1290 231 1344 uel
253 1287 461 1358 anniversaria
475 1291 565 1360 lictis
585 1292 686 1350 dicius
714 1291 867 1363 Sacrificio
892 1303 946 1366 pro
975 1291 1042 1349 illis
1091 1309 1193 1368 genere
1221 1291 1399 1368 ippiicerrt,
1424 1309 1478 1369 pro
1505 1296 1580 1354 aliis
1605 1318 1673 1356 vero
1696 1314 1750 1375 pro
1776 1305 1953 1384 quibus-ipſs

173 1376 378 1437 peraguntur.
398 1362 500 1424 Nemo
518 1367 598 1424 enim
620 1366 651 1425 id
670 1365 721 1424 sibi
752 1383 891 1438 arrogare
923 1367 1041 1436 debet,
1090 1367 1284 1444 peculiariter
1309 1367 1439 1437 Missam
1471 1370 1622 1444 applicare
1650 1389 1800 1448 tenentur,
1827 1386 1955 1442 alterum

177 1447 210 1494 ut
232 1436 372 1509 impositae
391 1437 570 1512 obligationi
592 1441 651 1500 alia
670 1439 788 1499 ratione
801 1441 1042 1514 satisfacerepcs·
1089 1442 1268 1512 substituant
1289 1478 1298 1510 ,
1337 1442 1390 1514 qui
1408 1441 1536 1516 ipsorum
1555 1448 1616 1504 loco
1635 1446 1763 1516 Missam
1790 1454 1956 1530 hujusmodi

176 1511 234 1580 sit,
252 1529 343 1587 quam
364 1530 418 1583 ea,
438 1529 503 1589 qua
522 1531 540 1574 a
560 1517 628 1588 lege
658 1513 854 1574 ecclesiastica
884 1517 1041 1574 multoties
1094 1520 1240 1585 celebrer,
1268 1519 1474 1590 applicatque.

174 1587 343 1660 prascnpta
362 1589 420 1647 iuit
442 1609 456 1658 ,-
485 1589 629 1648 nimirum
663 1588 785 1650 Missam
803 1589 1040 1650 conventualem
1131 1590 1270 1649 Aliorum
1293 1592 1405 1662 pariter
1423 1593 1562 1666 exceptio
1582 1593 1665 1665 luit,
1684 1598 1953 1674 quodMili'aCon·

175 1662 296 1734 singulis
324 1663 427 1722 diebus
460 1678 514 1736 pro
550 1663 796 1724 Beneiaiioribus
835 1664 1039 1735 celibrandlr,
1091 1666 1321 1725 ventualisnon
1340 1666 1455 1738 semper
1473 1685 1489 1726 a
1507 1669 1692 1740 canonicis,
1713 1687 1765 1733 aut
1785 1676 1955 1750 Dignitati.
1989 1663 1994 1669 ’

177 1738 301 1795 eandem
326 1754 362 1796 ue
382 1755 436 1810 pro
456 1739 518 1803 illis
540 1740 570 1797 in
591 1754 700 1812 genere
720 1736 916 1812 applicando.
1005 1766 1007 1774 v
1091 1739 1145 1797 bus
1164 1741 1351 1807 celebretur,
1370 1742 1603 1818 sed‘aliquando
1621 1746 1713 1804 etiam
1741 1766 1759 1806 a
1788 1749 1957 1815 Beneficia·

215 1753 355 1897 protego
372 1828 431 1872 non
452 1813 544 1875 solum
566 1814 710 1886 prioribus
729 1813 868 1870 Ecclesia
897 1813 1038 1884 iaculis,
1092 1816 1154 1883 tis,
1174 1826 1224 1872 aut
1245 1814 1480 1885 Mansionariis,
1500 1834 1573 1892 quos
1594 1822 1692 1879 minus
1722 1839 1836 1900 equum
1866 1828 1952 1888 vide.

178 1901 283 1944 verum
304 1899 395 1945 etiam
417 1888 599 1961 temporibus
620 1889 811 1960 haud-longe
832 1903 849 1946 a
867 1886 1037 1947 noiirabta·
1090 1899 1211 1960 turpio
1232 1887 1325 1947 Missa
1343 1891 1545 1951 celebratione
1574 1893 1657 1953 omni
1685 1899 1876 1974 eleemosyna
1903 1921 1953 1963 ca·

176 1973 209 2017 te
229 1963 352 2020 remotis
372 1964 471 2037 (quod
492 1979 544 2022 vos
562 1979 599 2020 et
620 1961 741 2024 bissnria
759 1962 899 2022 Ecclesia
921 1963 1039 2021 didicis·
1092 1978 1176 2033 tete,
1195 1976 1258 2041 qua
1278 1962 1355 2022 unde
1375 1963 1488 2022 desumi
1508 1970 1637 2038 valent,
1667 1970 1821 2043 ignoratur
1844 2019 1852 2036 .
1889 1977 1951 2038 Cui

178 2045 207 2092 te
228 2051 286 2092 non
308 2036 504 2114 dubitamus)
524 2037 694 2096 servabatur
713 2039 788 2095 olim
811 2035 1038 2110 insingulisEc-
1090 2048 1193 2096 tamen
1215 2038 1258 2096 rei
1278 2038 1391 2110 pariter
1409 2041 1575 2100 consultum
1596 2043 1658 2113 eit,
1679 2046 1952 2122 demandando,ut

178 2109 272 2168 clesiis
293 2111 382 2170 series
412 2124 553 2174 accurata
579 2115 713 2170 omnium
734 2147 745 2180 ,
771 2112 799 2168 lit
828 2108 1005 2184 singulorum
1027 2147 1037 2182 ,
1089 2129 1126 2170 ea
1146 2112 1317 2171 desumitur
1335 2129 1374 2170 ea
1393 2113 1490 2173 Marta
1509 2115 1766 2181 distributionum.

177 2199 303 2258 quorum
325 2187 504 2248 liberalitate
525 2203 706 2262 unaquaque
727 2182 811 2244 nulia
828 2187 928 2246 suerat
950 2222 960 2256 ,
987 2203 1040 2244 eo·
1112 2186 1193 2245 ¹lblii
1213 2187 1341 2262 denique
1359 2189 1559 2248 obtenderunt
1579 2194 1770 2265 exiguitatem
1800 2197 1952 2273 hujusmo-

176 2263 442 2336 rumquemomina
461 2262 549 2324 sacris
567 2261 749 2335 Dipiyetils3
780 2259 817 2318 fic
846 2262 925 2319 enim
948 2277 1038 2320 voca·
1090 2260 1122 2319 di
1141 2259 1402 2331 attributionem,
1422 2256 1572 2339 quae,‘ob
1602 2267 1764 2328 detraciam
1784 2261 1949 2349 eleemosy-

177 2335 394 2407 bintur3ldeo
415 2339 583 2410 configures
603 2349 714 2404 erant,
744 2348 776 2393 ut
804 2337 964 2394 eorundem
994 2354 1041 2394 re·
1091 2351 1159 2394 nani
1179 2336 1388 2411 quotidianam
1412 2354 1466 2411 pro
1487 2337 1576 2399 Missa
1594 2341 1816 2416 Conventnali,
1848 2350 1886 2408 ad
1905 2351 1953 2408 ni·
2058 2360 2068 2368 ·

177 2409 319 2468 corditio
338 2427 490 2488 nunquam
510 2411 672 2479 interiret,
701 2422 733 2470 ut
757 2427 803 2468 ue·
822 2425 875 2484 pio
903 2413 943 2470 'iis
973 2422 1037 2469 tuni
1093 2413 1191 2469 hilum
1210 2412 1273 2469 fere
1295 2409 1436 2482 sedada,
1456 2412 1507 2471 vix
1528 2415 1630 2486 soret,
1662 2429 1696 2476 ut
1715 2420 1752 2477 ab
1779 2424 1880 2498 aliquo
1901 2441 1954 2484 cu·

177 2500 280 2554 preces
300 2486 516 2555 funderentur,
545 2500 608 2545 tum
630 2489 721 2544 etiem
784 2483 837 2543 lisa
854 2484 1038 2546 Sacrificium
1092 2497 1252 2554 tacentur,
1271 2501 1340 2544 cum
1362 2502 1471 2559 magno
1491 2489 1675 2546 detrimento
1703 2494 1816 2551 servitii
1847 2497 1953 2558 Eccle-

177 2557 354 2629 oli'erretur,
373 2575 462 2637 quam
483 2565 521 2618 ob
541 2562 657 2620 causam
677 2561 767 2618 etiam
800 2560 950 2632 praedicitis
981 2561 1040 2620 C'a·
1092 2560 1137 2618 sia
1156 2558 1325 2634 prestandi.
1362 2561 1544 2620 Tridentino
1575 2563 1698 2638 quidem
1729 2565 1953 2640 Synodussess.

178 2636 300 2708 telogus
321 2636 352 2692 in
372 2637 517 2711 plerisque
539 2635 684 2696 Ecclefiis
702 2635 739 2690 ob
759 2637 861 2692 oculos
881 2634 1041 2708 Presbyte·
1092 2651 1139 2707 aq.
1159 2645 1282 2708 capis.
1300 2643 1482 2707 opportunas
1504 2636 1632 2694 rationes
1663 2636 1813 2713 oiiendit,
1845 2647 1952 2719 quibus

183 2709 207 2764 ri
229 2709 409 2769 celebrantis
428 2712 535 2784 apponi
564 2709 751 2778 consuevit,
782 2710 854 2766 licet
883 2709 975 2767 iidem
996 2708 1039 2783 pii
1063 2781 1066 2786 ἱ
1090 2710 1317 2768 canonicalium
1340 2709 1561 2768 Prabendarum
1584 2713 1691 2785 inopia
1723 2719 1823 2778 valeat
1850 2721 1952 2794 provi·

174 2781 387 2860 ..Beneiaiiores
405 2787 436 2842 in
457 2787 514 2844 suis
532 2785 742 2844 donationibus
761 2783 839 2840 nibil
858 2786 976 2856 penitus
985 2801 1039 2858 pio
1091 2785 1174 2846 deti.
1211 2782 1242 2844 Si
1261 2799 1334 2840 vcro
1352 2783 1533 2857 designatam
1565 2801 1582 2843 a
1610 2785 1750 2847 Concilio
1781 2795 1859 2854 viam
1882 2832 1894 2863 ,
1919 2807 1955 2852 ut

179 2856 207 2917 se
229 2857 303 2930 palli
324 2857 438 2929 essent,
456 2861 504 2918 sed
525 2858 734 2921 tantummodo
763 2876 817 2933 pro
846 2871 1037 2932 peccatorum
1091 2859 1153 2921 iere
1173 2857 1293 2918 evenire
1312 2858 1409 2928 solet,
1430 2876 1615 2937 nequaquam
1635 2864 1706 2923 iniri
1724 2865 1801 2939 posse
1831 2857 1952 2928 contio2

178 2932 295 2991 suorum
316 2932 479 2993 remissione
499 2938 527 2993 se
548 2938 625 2995 bona
646 2934 695 2992 sua
716 2934 782 2992 Deo
799 2934 921 2993 offerre
942 2937 1039 2994 decla·
1094 2948 1170 3010 gat,
1191 2934 1339 3008 reliquum
1360 2945 1418 2992 erit
1448 2938 1485 2993 ad
1512 2937 1788 3011 congregationem
1816 2941 1951 3004 Concilii

177 3005 305 3068 rassent.
343 3008 541 3070 Ecclesrarum
563 3008 703 3086 siquidem
718 3008 857 3068 Prasules
876 3026 1041 3083 preccspro
1092 3008 1240 3069 recursum
1261 3010 1390 3067 liaberet
1409 3012 1494 3068 cu'us
1514 3008 1593 3081 erit,
1614 3012 1763 3086 perspecto
1782 3034 1820 3076 ex
1848 3017 1952 3078 velitis

178 3078 220 3167 iis¹
237 3084 423 3157 imperandae
443 3084 499 3143 esic
521 3084 698 3144 duxerunt:
728 3086 866 3158 quamvis
897 3087 945 3144 illi
975 3102 1040 3159 pro·
1093 3084 1285 3143 relationibus
1317 3101 1412 3141 rerum
1441 3028 1543 3155 lietu,
1578 3085 1752 3148 aulioritate
1782 3092 1956 3164 Apostolica

178 3174 242 3229 pria
262 3160 338 3217 bona
357 3158 514 3219 offerentes
533 3174 570 3217 ne
590 3162 711 3219 verbum
733 3160 852 3234 quidem
883 3175 918 3222 ea
951 3160 1039 3218 dere
1093 3156 1354 3219 Pradecell'oribus
1373 3158 1477 3219 nostris
1498 3161 1598 3219 eidem
1620 3164 1794 3237 impartita,
1813 3168 1877 3229 &a
1902 3184 1956 3225 no-

180 3232 335 3294 ieeissent.
372 3232 719 3307 Sacrorumbujusmodi
742 3232 1039 3309 Diptycliorumusus
1070 3236 1137 3291 bis
1156 3237 1246 3292 etiam
1268 3235 1450 3304 presentium
1483 3248 1587 3294 tenore
1614 3236 1823 3310 confirmata,
1853 3231 1957 3317 quoti·

180 3308 292 3367 lenium
314 3309 446 3381 deiecit,·
465 3312 504 3370 ob
524 3309 613 3441 idque
633 3310 663 3367 in
682 3306 834 3367 oblivione
854 3307 955 3381 jacent
987 3310 1041 3367 eli·
1092 3310 1209 3367 manain
1231 3310 1463 3380 applicationem
1484 3308 1578 3367 Missa
1598 3317 1805 3373 conventualis
1825 3332 1879 3388 pro
1902 3318 1955 3383 be,

179 3382 245 3441 cubi
266 3386 461 3457 complurium
482 3387 553 3444 bene
572 3380 703 3443 ociorum
725 3384 866 3441 nomina.
906 3384 950 3442 At
980 3400 1039 3442 non
1092 3383 1293 3441 neialloribus
1313 3382 1348 3438 in'
1364 3396 1494 3453 genere,
1513 3394 1545 3440 ut
1565 3384 1672 3455 alias,
1700 3386 1738 3445 ad
1756 3386 1855 3450 Felios
1887 3400 1955 3447 tan·

181 3462 295 3521 idcirco
315 3460 359 3519 ias
379 3456 420 3517 eii
440 3461 541 3527 usum,
559 3458 586 3513 di
606 3458 792 3530 disciplinam
804 3456 905 3515 orandi
917 3474 970 3533 pro
984 3460 1041 3527 iis,
1095 3456 1336 3520 tummododies
1356 3456 1514 3517 reducere.

182 3540 208 3596 lie
237 3530 421 3593 Sacrificium
450 3532 544 3591 Missa
571 3546 626 3603 pro
650 3531 715 3589 illis
734 3529 901 3592 oderendi.
940 3532 1043 3611 Atque
1134 3532 1206 3591 Non
1226 3531 1316 3589 modo
1334 3529 1475 3588 Ecclesiis
1494 3532 1773 3607 Patriarcbalibus,
1802 3536 1961 3613 Metropo-

183 3614 252 3671 inde
272 3620 449 3681 preceptum
471 3604 642 3680 applicandi
663 3604 782 3665 Missam
802 3606 1041 3667 conventualem
1095 3604 1222 3677 litenis,
1239 3605 1495 3676 Cathedralibus,
1524 3606 1551 3665 at
1579 3608 1763 3683 Collegiatis
1793 3612 1958 3688 injuncium

182 3704 235 3760 pro
257 3680 498 3743 Beneialioribus
515 3684 547 3742 in
566 3694 694 3753 genere,
713 3681 858 3752 originem
879 3692 970 3757 atque
998 3700 1043 3743 ra·
1096 3684 1262 3753 reperitur,
1281 3693 1315 3738 ut
1332 3677 1469 3755 quotidie
1490 3679 1582 3741 Missa
1600 3682 1817 3747 conventualis
1842 3690 1874 3744 in
1904 3689 1960 3745 eii·

177 3765 294 3820 tionem
318 3757 467 3817 desumit.
824 3768 836 3801 r
890 3760 894 3773 ’
943 3756 964 3793 .·
1096 3758 1164 3813 dem
1183 3768 1327 3823 canatur,
1348 3755 1396 3813 sed
1416 3756 1508 3815 etiam
1531 3760 1562 3816 in
1581 3758 1722 3817 Rubricis
1742 3761 1957 3831 generalibus,

220 3830 481 3905 Quemadmodum
505 3846 600 3900 vero,
620 3828 769 3905 loquendo
788 3828 825 3889 de
848 3825 939 3891 Missa
951 3830 1042 3890 Paro·
1095 3841 1220 3905 quarum
1241 3826 1452 3889 etaciffimam
1473 3830 1722 3890 fraternitatibus
1742 3828 1843 3889 vestris
1861 3828 1958 3899 culice

180 3908 307 3976 chiali,
335 3906 464 3979 superius
492 3904 601 3965 dilium
624 3903 693 3973 eil,
723 3904 821 3963 varias
839 3906 1044 3964 excusationes
1096 3908 1177 3962 diam
1197 3904 1462 3975 commendamus,
1482 3904 1695 3979 prescribitur,
1726 3915 1758 3961 ut
1779 3905 1872 3963 certis
1891 3906 1958 3972 die·,

180 3982 279 4043 afferri
301 3982 396 4039 solere
422 4018 432 4050 ,
459 3982 496 4041 ad
526 3980 733 4040 declinandam
762 3980 847 4038 illius
869 3982 1044 4053 applicatio·
1097 3981 1153 4037 but
1169 3995 1230 4038 non
1250 3996 1327 4051 una,
1355 3979 1405 4037 sed
1426 3981 1523 4045 bina,
1555 3988 1644 4049 atque
1672 3977 1766 4035 etiam
1794 3980 1960 4055 aliquando

178 4074 245 4117 nem
266 4074 320 4131 pro
343 4059 454 4129 populo
475 4056 578 4115 diebus
598 4054 676 4113 sellis
696 4052 733 4111 de
754 4068 918 4127 precepto,
939 4056 983 4113 ita
994 4072 1043 4129 pa·
1094 4065 1158 4113 tres
1178 4052 1275 4113 Missa
1283 4055 1507 4115 convmuales
1526 4065 1585 4107 urio
1604 4048 1656 4107 die
1674 4053 1879 4115 celebrentur.
1898 4054 1963 4114 lta·

180 4134 256 4190 riter
286 4131 423 4189 usuvenit
450 4132 549 4206 quoad
579 4129 808 4203 applicationem
838 4129 1043 4205 quotidianam
1118 4145 1154 4187 ue
1175 4146 1266 4203 quum
1285 4144 1415 4202 nupera
1435 4122 1520 4181 nobis
1539 4118 1649 4206 dicium
1679 4126 1801 4196 suerit,
1827 4125 1956 4201 primam

181 4206 275 4267 Milia
294 4205 510 4267 conventualis
531 4222 584 4279 pro
604 4200 843 4265 Beneiaiioribus
865 4206 897 4262 in
916 4220 1043 4276 genere.
1137 4204 1218 4263 lisam
1238 4200 1475 4263 Conventnalem
1496 4197 1705 4280 quotidiepro
1724 4198 1964 4263 benefactoribus

177 4286 221 4343 Ut
243 4294 341 4341 autem
366 4279 533 4353 superiores
554 4282 635 4349 illa,
666 4278 684 4336 si
717 4279 807 4337 etiam
840 4280 886 4337 lta
906 4277 1044 4352 posterio-
1097 4279 1130 4336 in
1149 4285 1257 4352 genere
1277 4270 1508 4341 celebrandam,
1529 4270 1773 4345 &applicandam
1785 4276 1862 4350 eise3
1882 4294 1965 4337 nunc

181 4374 249 4426 ies,
269 4354 394 4429 provide
415 4354 555 4415 emedio
575 4355 693 4416 sublata
712 4352 831 4411 suerunt
860 4372 912 4427 per
936 4372 1046 4429 oppor-
1097 4352 1321 4436 etpendenduni
1340 4346 1486 4480 ingemit,
1506 4362 1543 4405 an
1572 4350 1731 4435 earundem
1762 4350 1960 4432 Ecclesiamm

179 4448 265 4492 turias
299 4430 548 4505 congregationis
576 4426 709 4489 concilii
730 4425 905 4486 Tridentini
936 4430 1046 4489 resolu·
1076 4424 1366 4501 capitulaJurisdi
1398 4437 1460 4479 ioiu
1479 4418 1577 4507 restra
1599 4420 1757 4496 reipelliee
1777 4423 1905 4496 subsella
1930 4440 1994 4483 a··

181 4512 301 4575 tiones,
322 4522 397 4579 quas
417 4505 541 4579 proinde
561 4506 592 4563 in
612 4506 660 4563 liis
679 4502 773 4561 etiam
791 4499 966 4562 austeritate
995 4520 1048 4560 no·
1099 4506 1204 4575 digere
1221 4499 1372 4565 debeatis,
1391 4508 1424 4554 ut
1444 4500 1520 4555 alias
1540 4513 1658 4572 quoque
1680 4496 1818 4567 Missas,
1848 4496 1868 4557 si
1896 4500 1966 4570 plu·

176 4584 236 4641 lira
257 4580 478 4655 approbamus,
496 4580 525 4639 di
542 4577 776 4640 confirmamus.
855 4584 857 4591 ⁴
1102 4593 1172 4645 ies,
1191 4587 1224 4632 ut
1245 4573 1418 4646 prefertur,
1442 4571 1591 4630 celebrari
1611 4574 1773 4643 contigerit
1797 4607 1807 4639 ,
1836 4588 1890 4645 pro
1909 4572 1964 4631 bc·

219 4656 369 4715 Nonnulli
389 4653 530 4729 squidem
550 4656 676 4713 obtentu
696 4646 847 4709 contrarie
866 4652 1049 4719 consuetudi·
1101 4648 1296 4709 ne'iabtoribus
1315 4648 1347 4704 in
1366 4662 1472 4719 genere
1492 4644 1630 4704 similiter
1649 4648 1825 4719 applicent.
1864 4698 1876 4711 ,

179 4731 250 4799 riis,
271 4728 363 4789 etiam
387 4730 640 4789 immemorabilis
661 4763 672 4796 ,
702 4726 734 4783 in
767 4726 886 4797 propria
914 4726 1050 4785 Ecclefia
1138 4722 1319 4801 Huiusmodi
1338 4718 1458 4796 questio
1476 4720 1511 4777 ab
1534 4721 1682 4802 aliquibus
1702 4736 1742 4778 eit
1760 4720 1846 4780 vobis
1865 4722 1964 4779 eccle·

179 4804 331 4879 vigentis,
352 4803 380 4860 ie
403 4804 440 4863 ab
459 4804 628 4879 hujusmodi
649 4817 740 4859 onere
771 4798 969 4871 eximi'posse
998 4800 1050 4860 sibi
1101 4797 1218 4857 bellico
1236 4800 1304 4854 zelo
1321 4794 1516 4869 flagrantibus
1547 4791 1713 4868 supradicat
1743 4792 1966 4869 congregatio·

181 4880 402 4953 persuaserunt.
426 4884 533 4939 Verrem
546 4876 614 4956 p'am
628 4872 743 4951 pluries
761 4874 923 4947 responsam
949 4874 1015 4944 suit
1037 4878 1052 4953 ²,
1101 4877 1131 4930 nl
1153 4871 1379 4934 venerabilium
1399 4871 1538 4929 Fratrum
1560 4868 1721 4927 nostrorum
1742 4868 1875 4928 concilii
1888 4870 1964 4927 Tri·

180 4952 349 5031 hujusmodi
374 4950 635 5024 consuetudinem,
664 4952 736 5009 licet
766 4949 1017 5008 immemoririilem
1038 4992 1053 5023 ,
1101 4948 1218 5005 demini
1238 4944 1438 5019 interpretum
1459 4944 1606 5019 proposita
1635 4940 1702 5003 est.
1738 4941 1865 5027 Jamque
1895 4955 1968 5000 ante

182 5047 244 5101 que
261 5028 361 5103 pocius
382 5030 509 5097 clusus,
528 5030 561 5085 θ’
579 5028 743 5097 cmruptelae
761 5022 887 5081 dicenda
905 5026 971 5095 cll,
1001 5046 1049 5083 rie·
1100 5025 1183 5081 illius
1203 5019 1429 5093 propositionem
1448 5032 1632 5091 compertum
1664 5016 1761 5074 iuerat
1786 5053 1796 5085 ,
1826 5020 1900 5074 altas
1928 5019 1968 5073 ab

180 5102 254 5161 mini
269 5102 450 5176 suffragari.
468 5100 539 5160 aiii
558 5117 577 5159 a.
596 5097 686 5158 Missa
708 5105 773 5171 'pro
801 5095 1045 5159 Benesaiioribus
1106 5096 1213 5155 eadem·
1227 5095 1470 5169 congregatione
1491 5092 1655 5229 responsum
1678 5088 1782 5159 fuisse,
1801 5088 1969 5147 conceden-

184 5178 342 5291 ingenare
360 5174 542 5250 applicanda
555 5174 584 5234 ie
604 5172 763 5293 excusatos
793 5172 951 5235 voluissent
972 5212 985 5253 ,
1015 5192 1057 5234 eir
1106 5174 1180 5233 dam
1193 5167 1253 5232 esse
1271 5173 1493 5291 coemptionem
1511 5186 1529 5231 a
1564 5182 1658 5259 onere
1677 5164 1846 5239 applicandi
1861 5164 1980 5299 mg.-
